2832 4828
626 373 670 445 el

102 579 130 638 et
149 575 294 638 Electoris
318 573 420 638 Goion.
442 575 646 655 suffraganeus
667 577 697 636 ct
717 571 851 635 vicarius
872 565 1200 634 lnPontldeaiibusiic·

102 685 215 762 perella,
237 685 412 746 benedixitt‘

102 875 249 942 xxxin.
285 873 462 942 JOANNES
480 871 720 944 WERNERUS,
736 866 1202 938 uuuuuuuaoeoumuus,

162 1007 222 1084 Qui
243 1009 397 1090 bucusque
424 1009 479 1070 sub
507 1009 636 1088 losepho
665 1006 816 1070 Clemente
842 1005 1069 1085 Archicpiscopo
1089 1008 1152 1067 erat
1172 1005 1201 1064 in

100 1118 304 1197 Spiritualibus
337 1119 467 1179 vicarius
499 1114 649 1178 Generalis
676 1121 706 1178 et
726 1115 981 1179 Coadminiatrator
1008 1113 1202 1192 apostolicus.

100 1227 274 1304 consiliique
305 1225 489 1288 ecclesiastici
509 1224 646 1299 Praeses‚
683 1225 886 1288 Reverendiss.
916 1223 1058 1286 Dominus
1077 1223 1204 1284 loannes

100 1335 267 1400 Wernerus
289 1337 325 1396 de
345 1333 471 1414 Veyder,
490 1333 654 1396 Canonleus
675 1333 828 1412 metropol.
843 1329 1000 1408 Ecclesiae,
1023 1349 1098 1392 anno
1112 1327 1203 1392 arob.

101 1441 252 1505 [lominica
273 1440 407 1516 Laetare,
429 1459 504 1520 quae
525 1445 587 1504 erat
607 1441 732 1504 secunda
753 1441 850 1503 Martii
871 1443 900 1502 in
921 1439 1032 1520 templo
1052 1437 1127 1502 Patr.
1150 1439 1205 1500 So-

102 1553 215 1616 oietatis
235 1553 315 1626 lesu,
337 1549 536 1618 assistentibus
563 1551 766 1617 Reverendies.
789 1548 926 1614 Praelatio
947 1550 983 1612 ad
1004 1549 1034 1614 S.
1056 1547 1206 1610 Pantaleo-

101 1679 168 1722 nern
192 1664 222 1724 et
241 1658 273 1725 S.
295 1659 472 1736 Martinum,
494 1658 632 1724 Coloniae
652 1663 837 1724 consecratus
858 1665 904 1724 est
923 1677 939 1722 a
961 1657 1036 1723 Dno.
1057 1659 1206 1722 Reveren-

102 1769 171 1836 diu.
201 1767 282 1830 iulio
312 1766 429 1841 Pisaea.
470 1767 651 1847 Arabiepiac.
679 1768 857 1843 Rhodiensi‚
886 1766 994 1830 Nuntio
1028 1765 1206 1844 Apostolico,

101 1878 268 1956 Episcopus
294 1875 627 1956 Eleutheropolilanus„
654 1877 725 1939 alias
753 1880 783 1938 in
815 1876 952 1949 Hebron,
984 1879 1013 1937 in
1045 1874 1207 1938 Palaestina
1286 1945 1288 1949 ¹

102 1986 214 2064 prima,
245 1985 371 2063 indeque
392 1983 596 2064 Suilraganeus
618 1991 648 2046 et
667 1983 801 2047 Viearlus
822 1987 852 2046 in
872 1983 1087 2046 Pontificah'bus
1108 1983 1206 2046 Gene-

102 2093 181 2165 ralis,
204 2095 255 2172 qui
276 2095 423 2172 trigesima
444 2093 513 2173 Maji
534 2093 662 2174 ejusdem
683 2095 750 2155 anni
779 2092 948 2155 solemniter
976 2091 1122 2154 benedixit
1137 2091 1208 2167 ‚Ah-

104 2203 200 2266 balem
229 2199 475 2278 Gladbaoensem,
504 2201 577 2264 Rev.
608 2201 726 2266 Petrum
758 2201 848 2264 Knor.
870 2199 966 2280 Hujus
987 2201 1041 2262 sub
1062 2200 1208 2280 praesidio

73 2380 76 2389 ,
102 2309 251 2390 recognita
273 2313 318 2374 eet
334 2309 419 2390 jussu
439 2309 622 2376 Serenissimi
650 2309 869 2388 archiepiscopi
896 2307 1016 2388 losepbi
1038 2307 1207 2382 Clementia,

103 2422 133 2478 et
155 2417 337 2480 emendatius
359 2416 504 2496 diuulgata
534 2435 610 2480 anno
632 2415 724 2484 1720.
755 2413 875 2497 Apsoda
897 2415 929 2481 S.
954 2413 1127 2482 Colooisma's
1143 2413 1208 2478 Ee-

102 2526 215 2598 clema,
239 2523 543 2603 asserentesque
562 2525 599 2587 ad
624 2525 767 2588 cimanum
793 2525 1014 2588 Christianitatis
1033 2524 1208 2588 Dnsseldor-

102 2633 212 2712 piensis
232 2630 354 2710 epistola
375 2631 441 2692 data
460 2629 511 2692 26.
529 2629 627 2694 Martii
656 2631 747 2696 1716.
775 2631 856 2710 cupra
879 2631 1029 2711 Originale
1054 2650 1149 2711 nuper
1171 2633 1208 2694 ad

103 2757 207 2801 manus
227 2739 317 2814 venit,
336 2741 365 2800 in
386 2757 443 2820 qua
462 2744 491 2802 el
513 2758 614 2802 sermo
634 2741 670 2802 de
689 2740 872 2803 Cateohismo
889 2741 1076 2803 Tridentino:
1099 2741 1208 2816 „Prac-

102 2849 201 2908 mlssis
218 2865 277 2907 non
291 2865 409 2925 possum
425 2866 482 2910 non
497 2847 678 2927 subjungere,
698 2849 822 2928 qualiter
841 2849 919 2910 hisce
940 2848 1043 2910 diebus
1058 2849 1208 2910 inciderim

102 2956 131 3016 in
155 2954 370 3018 catechismum
392 2955 574 3032 Romanum,
608 2955 644 3020 ab
664 2955 729 3018 aliis
750 2958 875 3022 dictum:
903 2953 1110 3019 Cotcclo'smom
1132 2952 1207 3016 Coo·

103 3065 165 3125 cilis·
187 3061 352 3147 Tridentini
364 3061 414 3124 Pii
430 3061 533 3126 V.PP.
549 3065 637 3144 jusso
657 3065 779 3139 edituos,
798 3083 933 3130 recusum
951 3067 980 3128 in
998 3063 1097 3141 mmo,
1118 3083 1207 3145 quem

103 3177 132 3236 in
151 3173 287 3254 pluribus
306 3171 530 3252 provincialibus
548 3173 671 3252 synodis
694 3173 730 3236 ab
751 3172 900 3236 Ecclesiae
924 3172 1126 3248 Praesuljbus,
1156 3191 1208 3251 pa·

102 3281 231 3346 storibus
258 3281 320 3344 suia
346 3280 530 3359 singulariter
559 3281 796 3344 commendatum
824 3283 958 3356 invenio,
986 3285 1049 3342 tum
1079 3285 1114 3342 nt
1137 3298 1208 3342 con·

102 3392 254 3452 venientes
277 3389 312 3450 ad
328 3405 360 3450 ss
375 3390 498 3450 inuicem
521 3387 638 3466 parochi
656 3389 779 3450 uiciniae
803 3388 956 3468 cuprsllbet
980 3387 1065 3470 (quas
1083 3405 1208 3449 conven-

103 3502 197 3561 tiones
209 3501 373 3558 menstruas
387 3495 467 3574 juata
486 3511 631 3574 nuperum
650 3494 791 3556 Serenise
802 3494 1209 3574 Electorisethrchiepiscopi

104 3607 253 3667 decretum
271 3606 416 3666 institutas
439 3621 506 3664 curn
527 3603 685 3665 earundem
714 3605 909 3664 institutarum
931 3603 1042 3664 ratione
1068 3608 1096 3664 el
1120 3604 1209 3666 modo

104 3713 237 3792 proxime
255 3711 416 3790 intelligere
437 3711 587 3786 desidero,
610 3730 647 3773 ne
669 3729 743 3788 opus
763 3712 818 3785 eit,
836 3711 872 3771 ad
892 3713 1013 3774 arctiora
1031 3709 1209 3794 procedere).

105 3826 169 3884 lum
193 3825 226 3882 ut
249 3819 370 3898 singulis
396 3819 499 3881 diebus
516 3819 596 3884 iestis
616 3818 726 3898 aliquid
750 3837 786 3882 ex
809 3817 865 3882 hoo
888 3817 1071 3883 Catecbismo
1099 3821 1209 3900 populo

105 3932 269 4013 proponant
295 3929 332 3988 de
363 3929 399 3990 iis
426 3928 528 4002 rebus,
561 3944 634 4006 quas
660 3944 752 3998 nosse
771 3926 902 3990 omnium
922 3927 1144 3992 christianorum
1165 3929 1209 3988 in·

104 4041 205 4102 teresi.
248 4034 422 4115 Quicunque
441 4037 520 4098 enim
536 4035 660 4098 eundem
682 4038 817 4098 currente
841 4033 927 4100 oculo
943 4033 1143 4112 perlustrabit,
1165 4036 1210 4095 in·
1241 4103 1248 4114 ,

104 4145 220 4217 veniet,
238 4142 372 4223 parocbia
399 4160 452 4220 pro
475 4142 657 4220 parochianis
682 4139 737 4203 sibi
763 4122 928 4204 commissis
953 4141 1104 4203 derebus
1130 4139 1209 4217 fidei,

106 4267 239 4326 morum
264 4251 431 4332 receptione
457 4249 708 4314 Sacramentorum
737 4251 883 4332 modoque
910 4250 1012 4315 mandi
1033 4251 1209 4314 instruendis
