2832 4828
639 345 688 416 77

107 554 251 614 enutritus
272 555 303 613 et
322 550 491 630 theologicis
511 569 544 612 ac
565 567 714 612 sacrorum
735 549 887 610 Canonum
907 548 1008 608 studiis
1029 542 1212 623 singulariter

107 661 277 722 instructus.
330 659 385 721 liic
417 677 492 720 anno
526 657 616 720 1621.
649 659 828 720 consecravit
856 657 1016 718 Essendiae
1050 653 1211 714 Ecclesiam

108 767 228 828 Patrum
248 767 473 846 Capueinorum,
492 767 603 846 dequo
627 773 692 828 actu
717 785 843 845 sequens
864 767 943 826 dedit
963 764 1108 842 diploma:
1132 761 1213 836 „Nos

108 877 179 938 Otto
204 873 329 949 Gomon,
353 877 407 936 Dei
426 881 455 937 et
476 875 662 954 Apostolicae
679 873 761 937 Sedis
780 877 868 953 gratia
887 875 1050 952 Episcopus
1062 869 1212 951 Cyrenen·

109 1096 200 1155 nostri
221 1093 404 1162 Ferdinandi,
426 1092 546 1153 Sanciae
561 1092 709 1154 Ecclesiae
724 1091 825 1153 Coton.
846 1091 1064 1170 Archiepiscopi
1084 1095 1111 1150 et
1130 1088 1160 1149 S.
1178 1087 1213 1148 lt.

109 1201 132 1262 l.
151 1201 293 1279 Principis
312 1201 464 1276 Electoris‚
489 1201 626 1262 Bavariae
643 1201 732 1261 Ducis
746 1205 799 1260 etc.
818 1219 871 1278 per
884 1199 1031 1260 civitatem
1049 1202 1078 1258 et
1095 1197 1232 1258 Dioece-·

109 1313 154 1372 sin
167 1310 372 1372 Coloniensem
385 1311 415 1370 in
433 1309 647 1371 Pontificalibus
658 1311 789 1371 Vicarius
801 1309 1011 1386 etTheologus,
1033 1325 1067 1366 ac
1085 1305 1215 1385 ejusdem

110 1417 350 1495 metropolitanae
368 1417 515 1478 Ecclesiae
536 1417 690 1497 Presbyter
707 1417 871 1478 Canonicus
891 1422 920 1477 et
938 1415 1123 1494 Capitularis.
1155 1413 1216 1474 No-

109 1531 173 1586 tum
194 1525 315 1587 iacimus
334 1528 475 1586 universis
502 1525 609 1587 Christi
630 1525 763 1587 fidelibus
782 1530 881 1586 tenore
901 1523 1114 1601 praesentium,
1137 1507 1216 1599 quod

109 1653 187 1696 auno
206 1652 223 1696 a
243 1637 310 1695 nato
329 1635 398 1696 Jcsu
414 1631 539 1708 Christo,
556 1635 618 1696 Deo
634 1640 664 1695 et
681 1633 830 1696 Salvatore
848 1639 955 1707 nostro,
976 1632 1133 1692 millesimo
1150 1647 1216 1690 sex·

108 1743 270 1804 centesimo
281 1745 421 1822 vigesimo
432 1745 536 1821 primo,
550 1745 596 1804 die
607 1744 719 1804 decima
730 1745 839 1804 mensis
851 1742 994 1814 Octobris,
1003 1726 1217 1820 juxta'Sanctae

111 1852 198 1911 Rom.
221 1850 407 1927 Apostolioae
427 1857 457 1912 et
484 1851 656 1913 universalis
680 1852 829 1912 Ecclesiae
855 1854 945 1912 ritum
969 1849 1165 1910 dedicavimus
1188 1849 1218 1906 et

112 1961 349 2020 consecravimus
377 1958 538 2021 Ecclesiam
564 1965 592 2022 et
620 1959 764 2022 Sacellum
791 1958 908 2020 Petrum
938 1959 1152 2037 Capueinorum
1187 1955 1218 2016 S.

111 2067 257 2128 Francisci
279 2069 457 2142 Essendiae‚
477 2068 665 2130 inhonorem
689 2069 770 2129 illam
797 2069 827 2130 S.
846 2068 948 2130 Clarae
963 2067 1043 2145 Virg.
1061 2071 1091 2126 et
1111 2065 1140 2126 S.
1156 2063 1219 2124 hu-

110 2178 220 2256 gustini
236 2177 391 2256 Episcop.;
413 2175 468 2238 hoc
493 2178 675 2238 beatissimae
696 2179 775 2256 Virg.
798 2163 907 2237 Ma'riae
925 2181 954 2236 et
976 2176 1005 2238 S.
1026 2173 1218 2248 Catharinae;

112 2291 141 2346 et
163 2285 220 2346 hoe
236 2284 336 2348 Altare
366 2286 435 2346 inibi
458 2283 606 2346 summum
636 2285 666 2345 in
693 2285 833 2347 honorem
859 2285 1018 2345 eorundem
1047 2283 1218 2344 Sanctorum

111 2393 260 2456 Ecclesiae
278 2397 468 2472 patronorum
485 2397 514 2454 et
531 2394 561 2454 S.
575 2393 714 2473 Dionysii,
732 2399 761 2454 et
777 2394 913 2472 reliquias
925 2393 1096 2454 Sanctorum
1105 2389 1218 2469 Marty-

112 2519 180 2562 rum
200 2500 330 2582 Dionysii
350 2506 379 2561 et
407 2502 542 2562 undecim
564 2501 688 2562 millium
711 2501 861 2580 Virginum
885 2503 914 2560 in
937 2501 1040 2562 eodem
1061 2498 1153 2558 Altari
1171 2499 1219 2558 in-

113 2611 264 2672 clusimus.
294 2610 392 2690 Atque
413 2611 450 2671 de
473 2612 677 2688 omnipotentis
699 2611 752 2671 Dei
775 2610 971 2670 misericordia
993 2607 1102 2678 confisi,
1125 2607 1219 2668 omni·

113 2719 169 2780 bus
190 2723 220 2780 et
240 2717 361 2797 singulis
389 2719 496 2781 Christi
527 2718 676 2792 fidelibus,
709 2720 811 2781 eodem
843 2719 961 2798 quidem
983 2716 1168 2778 dedicationis
1190 2718 1220 2776 et

113 2828 340 2888 consecrationis
361 2827 526 2906 hujusmodi
549 2829 596 2889 die
617 2845 725 2888 annum
747 2845 857 2902 unum,
886 2833 916 2888 et
933 2825 1060 2905 qualibet
1082 2825 1219 2901 deinceps

114 2936 161 2996 die
183 2937 379 2996 anniversaria
400 2937 587 2997 dedicationis
615 2943 645 2998 et
673 2939 895 2998 consecrationis
925 2935 1099 3008 eorundem,
1129 2950 1218 3012 quam

113 3045 269 3124 quotannis
293 3045 461 3116 Dominica,
484 3065 557 3124 quae
579 3045 685 3107 tastum
707 3047 756 3108 SS.
780 3047 911 3126 Dionysii
933 3051 962 3107 et
978 3043 1056 3106 Caet.
1079 3044 1219 3122 sequitur,

113 3151 316 3215 celebrandam
338 3171 403 3216 esse
424 3143 615 3227 decernimus,
638 3153 687 3215 illa
706 3157 809 3216 devote
826 3153 1004 3215 visitantibus
1032 3154 1219 3232 quadraginta

115 3264 178 3323 dies
214 3263 251 3326 de
286 3279 355 3325 vera
386 3263 563 3352 indulgentia
595 3264 624 3322 in
653 3264 745 3326 torma
774 3264 865 3324 dictae
896 3265 1044 3324 Romanae
1072 3261 1220 3322 Ecclesiae

114 3375 253 3432 consueta
278 3372 502 3432 misericorditer
522 3374 551 3431 in
573 3371 699 3432 Domino
720 3374 926 3446 concessimus,
948 3373 1117 3431 auctoritate
1137 3368 1219 3448 Apo·

115 3479 216 3540 stolica
239 3478 322 3540 nobis
349 3478 469 3539 indulta.
525 3477 558 3538 ln
586 3477 668 3557 cujus
699 3483 741 3540 rei
764 3479 851 3541 fidem
873 3479 959 3541 hasce
981 3480 1091 3541 litteras
1111 3479 1219 3557 Signeti

115 3593 205 3652 nostri
228 3589 475 3667 subimpressione
497 3587 618 3648 lecimus
640 3589 845 3650 communiri.“
876 3590 912 3650 L.
934 3589 1006 3665 S.¹).
1028 3587 1220 3650 Anan01627.

115 3699 229 3761 decima
256 3697 375 3760 Octobr.
398 3699 577 3758 consecravit
607 3698 735 3774 primum
762 3697 876 3760 Veteris
897 3698 1006 3758 Montis
1027 3699 1089 3760 sive
1111 3698 1221 3758 Alden·

113 3810 286 3887 bergensem
308 3803 449 3866 hbbatem
470 3808 616 3866 mitratum
644 3803 835 3867 Melchiorem
857 3825 873 3866 a
895 3805 1034 3868 Mondorl
1052 3826 1088 3868 er
1110 3807 1220 3870 Ordine

114 3917 316 3989 Cistereiensi,
339 3915 368 3974 in
390 3915 521 3976 Ecclesia
542 3914 571 3975 S.
594 3915 720 3989 loannis,
742 3917 941 3978 assistentibus
963 3919 989 3977 ei
1011 3910 1124 3978 duobus
1146 3917 1221 3996 ejus·

114 4029 183 4090 dem
205 4025 324 4087 Ordinis
345 4023 525 4097 Abbatibus,
546 4022 701 4084 Laurentio
724 4025 761 4084 de
781 4025 911 4086 Beveren
934 4023 1047 4086 Veteris
1069 4025 1171 4104 Campi
1192 4031 1222 4088 et

119 4177 410 4194 -ffl——fl

151 4261 179 4330 l)
197 4263 274 4317 huno
299 4259 380 4314 1626.
398 4261 513 4314 interluit
539 4261 621 4314 tuneri
646 4259 774 4326 Principis
793 4267 818 4314 et
836 4261 916 4314 Ducis
944 4261 1053 4312 loannis
1080 4261 1222 4322 Wilhelmi,

206 4358 386 4424 Dusseldcrpii
404 4357 523 4411 deiuncti.
