2832 4828
670 366 715 437 lt

138 559 647 624 eandemllratrumPraedicatorum
665 558 776 634 aedem,
800 562 829 620 et
847 558 979 638 pluribus
1000 559 1063 624 aliis
1083 559 1243 640 insignibus

137 671 284 752 Reliquiis
305 672 471 742 exornavit,
494 670 568 730 inter
589 685 662 748 quas
685 671 811 747 praestat
832 668 950 746 insignis
972 669 1089 745 spineae
1118 686 1243 730 coronae

137 780 308 841 Dominicae
328 783 358 839 et
386 778 426 838 S:
440 775 543 839 Crucis
567 777 678 855 portio,
700 795 758 856 qua
779 793 795 836 a
815 776 845 838 S.
867 775 1033 849 Ludovico',
1066 777 1243 840 Francorum

136 888 228 966 Rege,
246 885 442 961 donatusiuit,
463 885 547 964 cujus
569 891 602 946 ut
614 887 736 946 certiora
758 885 933 946 haberentur
954 885 1137 961 documenta,
1159 888 1244 948 tertio
1274 909 1276 918 ·

136 998 168 1058 in
191 997 286 1075 ignem
308 995 434 1075 conjecta
452 996 536 1056 tertio
557 995 658 1056 illaesa
679 994 791 1070 resiliit,
812 1013 899 1074 qnam
921 995 989 1056 inde
1011 1013 1086 1074 puro
1107 1013 1178 1056 auro
1199 995 1243 1054 in-

136 1105 249 1173 clusam
265 1110 299 1166 et
319 1106 442 1184 gemmis
469 1108 600 1166 ornatam
628 1103 663 1164 ad
695 1103 768 1164 haec
800 1121 894 1182 usque
925 1106 1058 1182 tempora
1086 1104 1243 1165 intuemur.

135 1213 223 1274 Plura
245 1213 300 1276 alia
316 1215 487 1276 Sanctorum
510 1212 637 1291 pignora,
659 1213 720 1274 Deo
736 1212 906 1290 Sanctisque
927 1213 1132 1286 revelantibus,
1154 1229 1244 1274 senex

136 1323 174 1382 de
196 1326 273 1384 terra
302 1322 418 1382 sublata
445 1322 481 1382 ad
502 1319 686 1384 honoratiora
715 1321 776 1382 loca
805 1321 951 1382 transtulit
976 1325 1006 1382 et
1033 1321 1149 1382 biennio
1177 1325 1243 1382 aute

134 1429 248 1490 obitum
268 1427 390 1512 (1278.)
411 1430 441 1498 S,
452 1428 596 1492 Cordulae
614 1427 727 1509 Corpus
748 1430 785 1492 ad
804 1429 965 1492 Ecclesiam
981 1429 1011 1492 S.
1026 1431 1144 1490 loannis
1161 1429 1244 1507 equi·

134 1539 205 1599 tum
221 1537 588 1618 Hierosolymitanorum.“
611 1571 651 1582 -
681 1537 762 1598 Haec
782 1539 962 1599 lastinianus
983 1538 1012 1597 in
1034 1539 1091 1598 vita
1113 1537 1243 1598 studiose

134 1647 265 1726 quidem,
287 1648 337 1709 sed
359 1646 464 1708 alicubi
487 1666 544 1708 non
566 1647 628 1708 sine
650 1665 748 1708 errore
769 1651 936 1725 temporum
959 1645 1089 1708 collecta.
1129 1644 1244 1720 Quibus

133 1758 251 1816 unicam
272 1756 379 1818 addere
401 1755 467 1817 licet
487 1755 716 1832 inscriptionem,
739 1773 814 1834 quae
830 1754 988 1816 Focbeimii
1010 1771 1102 1832 prope
1124 1753 1243 1816 Brulam

133 1867 252 1928 inventa
273 1868 334 1926 est:
358 1909 375 1936 „
387 1863 420 1924 ln
441 1862 567 1924 Nomine
589 1861 682 1926 Patris
702 1869 732 1924 et
752 1863 818 1926 Filii
840 1868 869 1924 et
881 1863 1007 1940 Spiritus
1021 1862 1116 1923 Sancti
1128 1867 1172 1924 est
1187 1862 1243 1924 boc

132 1972 234 2034 ditare
254 1978 454 2034 consecratum
476 1973 506 2030 in
526 1969 680 2036 honorell.
692 1970 906 2049 Catharinaeet
920 1969 1143 2048 B.Margaritae'
1158 1975 1187 2032 et
1207 1969 1241 2032 B.

133 2080 247 2142 Nicolai
269 2097 287 2142 a
309 2079 475 2148 Venerabili
496 2079 621 2142 llominc
638 2079 905 2153 Fratredlherto,
927 2079 1073 2158 Episcopo
1095 2078 1242 2158 quondam

131 2189 353 2266 Ratisbonensi,
378 2206 459 2250 anno
476 2187 593 2250 Domini
614 2186 853 2250 MCCLXXllll.
875 2188 1029 2266 Reliquiae
1049 2205 1119 2249 uero
1141 2189 1169 2248 in
1192 2186 1243 2247 Al-

133 2298 190 2360 tari
212 2298 345 2364 inclusae.
361 2297 468 2378 suntS.
483 2295 632 2374 Stephani,
654 2295 683 2357 S.
697 2295 820 2370 Nicolai‚
843 2297 878 2358 de
890 2295 1013 2358 Ossibus
1022 2295 1056 2360 Β.
1070 2295 1243 2360 Gatbnrinae

132 2405 284 2484 Martyris,
307 2407 344 2468 de
364 2405 394 2468 S.
416 2402 513 2478 Petro,
536 2405 572 2466 de
592 2403 623 2468 S.
636 2404 792 2484 Margarita
812 2409 888 2466 etc.⁴‘
901 2404 1070 2467 -Caetera
1095 2401 1243 2482 praeclara

132 2514 166 2577 S.
186 2514 300 2577 Alberti
320 2518 416 2594 gesta,
437 2530 504 2574 oum
527 2514 563 2574 ad
585 2530 708 2592 scopum
735 2517 867 2576 nostrum
888 2513 1010 2576 minime
1031 2515 1175 2592 pertinere
1196 2513 1241 2573 ri·

134 2624 270 2698 deantur,
291 2621 358 2684 aliis
379 2621 548 2686 delineanda
570 2622 775 2702 relinquimus.
