2832 4828
681 326 728 398 stt

150 518 514 598 ,‚nnn0rdcccutv11.,
536 523 587 586 IV.
615 522 740 586 Kalend.
763 524 858 595 lunii,
879 522 950 586 obiit
964 522 1153 584 Reverendus
1174 519 1260 584 Pater

149 632 180 690 et
201 628 355 704 Dominus,
376 631 427 694 SS.
444 630 619 711 Theologiae
640 631 795 710 professor,
816 631 864 693 Fr.
886 632 1010 694 loannes
1022 629 1177 704 Schleeter‚
1189 631 1260 709 Epi·

149 753 258 815 scopus
280 740 584 817 venecomponensis,
607 759 640 802 ac
661 740 865 820 Suffraganeus
883 741 996 820 gratiosi
1018 737 1136 800 Domini
1161 738 1260 800 Theo·

147 847 243 909 dorici
264 847 302 908 de
322 847 661 927 Mursa,1trcntepisoopt
683 848 893 912 Coloniensis.‘'
915 847 1028 910 Accidit
1049 846 1105 908 hoc
1126 851 1259 925 tempore

151 973 201 1015 res
223 956 421 1019 memoranda.
470 956 624 1034 Adolphus
646 956 765 1020 Cliniae·
782 975 835 1035 per
855 956 926 1018 haec
947 962 1078 1034 tempora
1100 956 1184 1028 Dur,
1222 955 1259 1016 ob

119 1058 125 1068 ”
151 1060 284 1124 Caesaris
313 1064 455 1138 insulam,
477 1063 644 1128 Coloniensi
675 1067 743 1128 ratis
767 1068 857 1145 pactis
886 1065 1045 1140 redditam,
1073 1064 1260 1126 dissentiebat

150 1173 266 1236 acriter.
307 1171 384 1234 Cum
405 1178 502 1234 autem
524 1173 689 1236 Susatensis
717 1175 819 1240 civitas
847 1173 883 1234 ab
904 1171 1136 1251 Arcbiepiscopo
1152 1187 1207 1234 suo
1229 1179 1258 1234 et

148 1280 278 1342 Domino
299 1300 374 1344 anno
397 1280 488 1346 titt,
510 1267 606 1360 coepit
626 1283 798 1358 dissentire,
821 1283 904 1344 avide
923 1301 989 1343 eam
1008 1283 1190 1344 occasionem
1211 1284 1258 1344 sui

150 1389 310 1452 ulciscendi
330 1391 483 1468 amplexus
514 1395 559 1452 est
580 1390 708 1465 Clivius,
740 1395 769 1452 et
790 1388 976 1452 anno1ttt.
1000 1391 1047 1452 die
1068 1391 1108 1452 X.
1130 1391 1256 1454 millium

150 1498 316 1590 Martyrum
338 1501 368 1560 iu
389 1499 563 1578 praedictam
585 1499 688 1560 urbem
709 1499 860 1578 manifeste
878 1498 937 1577 jam
966 1497 1147 1572 deficientem
1178 1502 1257 1562 inve·

149 1613 224 1682 ctus,
245 1607 408 1669 hominium
430 1609 466 1670 ab
487 1609 568 1670 urbis
589 1607 700 1670 civibus
724 1609 754 1668 in
772 1607 951 1669 Coloniensis
972 1607 1191 1686 Archiepiscopi
1212 1611 1256 1669 in-

145 1717 253 1796 juriam
276 1719 401 1794 accepit:
424 1723 453 1778 et
474 1719 611 1795 quoniam
633 1717 763 1778 censuris
783 1717 921 1794 agebatur
940 1717 1081 1777 adversus
1108 1717 1256 1778 insidiato-

148 1844 214 1888 rem
236 1827 378 1887 bonorum
400 1825 678 1910 ecclesiasticorum,
708 1823 774 1884 Dux
796 1825 825 1912 in
848 1824 1034 1902 praecipitio,
1061 1825 1139 1901 quod
1162 1825 1258 1887 solum

148 1939 302 2012 supererat
322 1935 502 2008 remedium,
534 1935 570 1994 ad
599 1936 781 2010 superiorem
811 1935 1002 2010 potestatem,
1034 1930 1168 1993 videlicet
1199 1935 1259 1994 Ro-

148 2061 271 2105 manum
293 2041 461 2104 Pontificem
471 2039 495 2122 ¹)
517 2044 647 2114 recurrit,
671 2041 707 2102 ab
728 2057 831 2120 eoque,
854 2039 960 2119 quibus
982 2039 1152 2116 redonibus,
1175 2041 1258 2104 laoile

149 2156 195 2212 est
206 2170 243 2212 ex
256 2151 449 2220 oilensionurn
465 2153 566 2210 natura
587 2150 749 2222 aestimare,
769 2149 934 2227 impetrarit
947 2145 999 2230 (uti
1016 2149 1118 2210 volunt
1137 2153 1259 2228 scripto·

149 2277 199 2321 res
220 2259 402 2322 Theoderico
423 2260 566 2320 nonsatis
584 2255 692 2338 aequi),
713 2261 746 2318 ut
762 2255 959 2318 Theudoricus
975 2259 1139 2336 privaretur
1151 2258 1257 2322 hrohi-

148 2369 319 2447 episcopatu
338 2383 390 2446 per
410 2367 583 2431 seutentiam
603 2366 687 2428 Sedis
703 2365 896 2444 Apostolioae,
914 2383 1002 2444 quem
1021 2366 1109 2428 etiam
1122 2366 1258 2447 Adolpho

147 2475 253 2550 Clirio,
272 2475 378 2554 juniori
400 2474 461 2538 lilio
481 2475 580 2548 Ducis,
602 2475 732 2548 contulit,
761 2477 811 2552 qui
833 2481 930 2536 tamen
952 2472 999 2536 vel
1021 2493 1079 2536 non
1100 2479 1259 2554 acceptavit

145 2589 230 2646 metu
251 2585 446 2663 impendentis
467 2584 554 2646 molis
575 2582 778 2663 insuperabilis
798 2587 827 2643 et
848 2583 973 2646 invidiae
992 2582 1187 2662 plenissimae,
1209 2583 1257 2647 vel

149 2695 283 2772 accipere
312 2711 400 2772 posse
429 2693 604 2772 desperavit.
658 2692 776 2753 Interim
804 2693 953 2770 Eugenius
979 2691 1057 2770 Papa
1079 2692 1130 2761 IV.
1161 2689 1256 2768 Bulla,

148 2798 248 2864 xvh.
270 2799 393 2862 Kalend.
415 2799 500 2862 Febr.
524 2797 614 2860 ute.
637 2800 720 2874 daia,
752 2818 828 2878 quae
859 2800 975 2878 incipit:
1003 2799 1167 2862 Pastorolis
1196 2802 1255 2884 offi-

149 2910 191 2971 cii
212 2921 264 2971 cto.
275 2907 312 2988 ²),
343 2913 437 2972 terras
464 2907 624 2972 Clivienses
656 2907 692 2969 ab
713 2910 792 2970 omui
821 2907 1033 2985 jurisdictione,
1065 2911 1204 2986 potestate
1227 2914 1257 2971 et

148 3018 353 3095 superioritate
373 3017 516 3095 spirituali
538 3016 720 3080 Coloniensis
741 3016 960 3096 Archicpiscopi
983 3021 1011 3078 et
1032 3017 1170 3095 Episcopi
1192 3017 1257 3080 Mo·

149 3129 350 3202 nasteriensis,
373 3125 428 3188 sibi
448 3145 482 3190 ac
503 3128 651 3188 Romanae
682 3126 751 3188 Sedi
779 3125 932 3188 rebellium
959 3131 989 3186 et
1017 3125 1255 3203 inobedientium,

147 3239 258 3298 eremit
278 3241 307 3298 et
328 3235 477 3311 liberarit,
508 3249 616 3315 easque
637 3235 813 3316 Trajectensi
834 3235 1022 3313 Episcopatui
1053 3237 1255 3312 incorporavit,

148 3363 183 3406 ac
202 3344 377 3423 Trajectensi
398 3346 546 3423 Episcopo
567 3343 706 3422 injunxit,
737 3349 770 3404 ut
791 3345 970 3421 Episcopum
992 3341 1140 3405 titularem
1162 3343 1254 3421 depu-
1347 3343 1351 3352 '

147 3458 199 3529 tel,
222 3457 273 3532 qui
295 3453 378 3532 juxta
397 3453 610 3532 beneplacitum
628 3452 717 3514 Ducis
738 3452 872 3531 iungatur
893 3449 1104 3530 episcopalibus
1125 3455 1256 3512 muneri-

147 3563 214 3624 bus.
258 3562 438 3628 Constitutus
460 3567 505 3622 est
525 3563 613 3640 igitur
632 3553 678 3622 vir
697 3559 850 3638 religiosus
868 3559 1013 3622 Heuricus
1034 3561 1070 3621 de
1087 3559 1256 3622 Mariaenau

147 3673 179 3732 et
189 3675 376 3733 consecratus
390 3671 553 3749 Episcopus
568 3669 826 3748 Bornaxeugeusis,
845 3668 1030 3730 residentiam
1045 3687 1128 3731 suam
1146 3669 1256 3733 habens

159 3851 455 3865 ⁸-—

184 3951 211 4012 1)
229 3949 377 4012 Eugenium
396 3947 495 4012 Papam
513 3947 568 4006 lv..
591 3947 633 4004 oui
651 3945 816 4002 Basilecnses
847 3945 1010 3999 schismatici
1036 3944 1182 3998 hmadeum
1201 3948 1256 4002 sive

237 4045 354 4099 Felicem
370 4041 526 4106 Antipopam
545 4047 732 4106 opposuerunt,
761 4042 802 4094 cui
820 4041 966 4106 hudpapac
992 4048 1053 4093 tuuc
1072 4041 1189 4095 adhaesit
1206 4043 1256 4096 Co·
1348 4049 1350 4052 ’

238 4138 364 4193 lobiensis
391 4138 610 4203 hrobtoptsoopus
634 4136 823 4198 Theodoricus,
845 4150 905 4190 eum
922 4139 982 4189 Itur
1006 4136 1146 4192 Clivicnsis
1167 4144 1256 4202 partes

236 4237 347 4302 Eugeoii
368 4235 516 4288 sustineret.

184 4333 211 4398 2)
230 4333 334 4386 bullans
351 4333 476 4396 integram
497 4329 552 4388 uid.
568 4329 640 4382 Tem.
660 4332 690 4389 v.
711 4328 807 4384 Concil.
826 4329 945 4384 German.
967 4341 1023 4396 pag.
1042 4327 1104 4382 28³.
