2832 4828
699 349 723 418 Ι

158 545 255 622 ipsum
278 544 438 622 plurirnnm
460 547 632 608 renitentem
653 547 684 608 in
704 551 848 626 pastorem
870 550 899 608 et
910 545 1091 626 Episcopum
1111 539 1262 624 eligerent.

159 653 259 715 Accito
280 658 378 715 autern
398 653 436 715 de
457 653 597 716 Hibernia
606 655 763 734 Episcopo,
785 671 868 722 more
883 653 1035 718 Britonum
1050 657 1080 716 et
1099 653 1263 727 Scotorum,

158 763 187 822 in
209 763 388 842 Episcopum
409 765 505 841 ipsum
527 765 689 826 consecrari
710 762 847 826 iecerunt.
891 761 958 827 Mos
986 764 1064 826 enim
1087 765 1116 824 in
1137 761 1263 826 Britanic

158 871 326 944 inoleverat,
348 871 377 932 in
399 871 615 934 consecratione
635 869 807 936 Pontificum
826 872 1026 940 tantummodo
1046 871 1139 950 cupite
1160 887 1263 937 eorum

158 979 233 1042 sacri
264 979 437 1041 Chriemntis
470 979 611 1042 infusione
644 996 821 1059 perungere,
858 997 926 1042 curn
954 982 1135 1044 invocatione
1167 979 1264 1042 Sancti

159 1089 283 1166 Spiritus
316 1091 345 1150 et
372 1087 571 1152 benedictione
600 1093 629 1152 et
658 1105 762 1152 manns
787 1090 982 1169 impositione,
1035 1088 1163 1152 insulani
1185 1088 1265 1150 enirn

162 1197 244 1275 quesi
266 1199 345 1258 extra
365 1197 466 1260 orbern
483 1197 580 1276 positi,
602 1196 815 1276 emergentibus
835 1215 1012 1278 paganorum
1027 1195 1266 1271 infestationibus,

159 1303 311 1367 (lenonum
334 1309 416 1368 erant
437 1305 535 1384 ignari.
587 1305 787 1369 Ecclesiastico
810 1305 876 1368 ideo
903 1323 1023 1370 censure
1053 1307 1125 1386 ipsis
1159 1305 1266 1367 conde·

158 1415 300 1477 scendeus
321 1417 536 1478 exeusationem
547 1411 664 1476 illorum
675 1413 800 1478 admittit
821 1416 850 1476 in
873 1414 926 1476 trac
948 1419 1038 1494 perte.
1075 1414 1198 1476 Sanctus
1214 1431 1267 1476 au-

158 1529 218 1584 tem
256 1521 432 1600 Kentigerus
463 1521 548 1602 hujus
577 1523 651 1585 ritus
681 1525 789 1596 errori,
822 1527 854 1584 nt
881 1523 953 1586 intra
982 1525 1113 1597 dicetur,
1147 1521 1265 1603 plenius
1307 1595 1310 1602 ,

157 1631 303 1694 satisfecit.
352 1631 467 1711 Septies
497 1633 592 1704 enirn,
625 1640 658 1694 ot
685 1632 761 1692 idern
782 1642 884 1696 auctor
912 1635 972 1708 ott,
1005 1635 1130 1696 Romam
1155 1631 1265 1706 adiens,

157 1741 263 1803 Sancto
283 1740 435 1820 Gregorio,
458 1739 576 1819 speciali
598 1739 759 1820 Anglorum
780 1740 932 1821 apostolo,
949 1746 1039 1804 totam
1060 1743 1149 1804 vitam
1171 1758 1264 1814 suam,

157 1849 330 1911 electionem
344 1853 382 1912 'et
401 1849 647 1910 consecrationem
669 1853 698 1910 et
719 1865 821 1910 omnes
842 1866 944 1924 ocsus,
974 1849 1024 1928 qni
1046 1849 1073 1910 ei
1094 1849 1264 1923 acciderant,

158 1960 286 2020 seriatim
308 1957 452 2021 enodavit.
485 1956 606 2018 Sanctis
628 1973 698 2018 cern
721 1955 806 2034 Papa,
828 1955 912 2018 illurn
934 1959 1029 2019 virum
1047 1956 1102 2018 Dei
1124 1961 1154 2018 et
1174 1957 1266 2035 Spiri-

159 2073 208 2128 tus
229 2067 259 2130 S.
281 2067 371 2145 gratia
393 2063 514 2144 plenum
536 2063 717 2143 intelligens,
749 2065 996 2127 consecrationem
1027 2064 1109 2144 ejus,
1140 2081 1265 2146 quamn

157 2175 222 2238 Deo
243 2178 363 2237 nouerat
384 2173 572 2252 provenisse,
603 2169 804 2245 confirmavit;
835 2173 958 2251 ipsoque
980 2171 1128 2236 multoties
1149 2177 1264 2251 petente

157 2285 257 2346 etvix
278 2285 473 2362 impetrante,
495 2297 571 2359 qnae
593 2279 712 2342 deerant
732 2281 941 2342 consecrationi
963 2279 1034 2360 ejus,
1055 2280 1212 2361 supplens,
1234 2283 1264 2344 in

158 2409 234 2470 opus
256 2392 407 2452 ministerii
428 2407 445 2450 a
467 2387 577 2467 Spiritu
598 2391 697 2448 sancto
720 2385 761 2448 illi
783 2387 903 2466 injuncti
924 2387 1105 2452 destinavit.“
1145 2391 1206 2452 lam
1228 2409 1265 2453 ex

156 2501 220 2564 troc¹
233 2499 382 2578 Kentigeri
404 2499 467 2562 siue
487 2495 595 2558 Kitioni
621 2493 756 2574 exemplo
778 2494 938 2575 intolligere
960 2495 1044 2570 licet,
1076 2497 1168 2576 qnare
1189 2517 1264 2560 non·
1363 2533 1365 2536 -

159 2608 240 2671 nulle
271 2606 383 2671 (initiae
412 2604 533 2668 eoncilia
560 2603 668 2666 saeculi
697 2601 777 2667 Vltl.
799 2602 836 2666 de
858 2602 983 2684 legitima
1011 2605 1164 2668 Scotorum
1192 2607 1265 2686 Epi·

157 2725 314 2796 seopnru'm
325 2715 504 2778 ordinatione
520 2711 693 2774 dubitarunt.
725 2711 799 2772 illud
810 2715 916 2786 tamen,
926 2711 1033 2792 ·J·udiee
1047 2713 1264 2798 Mebillonio¹},

157 2825 305 2888 latendum
328 2829 381 2898 est,
402 2819 545 2902 ejusmodi
568 2823 704 2898 vagantes
724 2820 786 2881 sive
807 2819 990 2884 ambulantes
1002 2823 1166 2904 Episcopos
1187 2823 1265 2904 mul?

89 2987 94 2990 .
157 2941 222 2996 tum
242 2933 385 3014 proluisse
406 2928 554 2993 Ecclesiae
577 2925 740 2988 Gallicanae
761 2931 791 2990 et
814 2925 1020 3008 Germanicae,
1050 2935 1164 2994 tameui
1193 2951 1264 2998 non·

156 3042 229 3106 nulii
246 3039 291 3125 (ut
302 3039 346 3119 tit)
365 3057 417 3120 per
438 3039 566 3117 speciem
581 3035 731 3114 Evangelii
752 3037 934 3115 praedicandi
952 3043 981 3100 et
998 3041 1115 3104 nomine
1126 3047 1156 3104 et
1168 3043 1263 3107 officio

156 3153 241 3214 abusi
263 3153 331 3213 sunt
351 3165 414 3211 suo.
432 3181 471 3192 -
493 3143 626 3208 Sirnilem
647 3144 791 3212 tramitem
812 3145 993 3210 saeculoltl.
1016 3150 1162 3228 ingressus
1171 3151 1263 3213 Adel·

110 3243 114 3248 Δ
156 3261 272 3331 bertus,
301 3256 487 3334 Metropolis
520 3252 763 3332 llamburgensis,
791 3255 849 3332 qui·
865 3259 979 3334 praeter
1008 3255 1074 3320 illos
1105 3259 1133 3320 in
1155 3259 1262 3336 Daniu,

155 3367 280 3440 Suedio,
303 3365 458 3444 Norwegia
478 3363 660 3425 constitutos·
675 3361 878 3441 suffraganeos
899 3364 1041 3426 ordinavit
1061 3365 1135 3430 alios
1155 3385 1262 3447 vagen-

156 3481 210 3550 tes,
233 3475 307 3536 nulli
328 3475 397 3540 Sedi
417 3473 520 3534 effisos
542 3471 718 3548 Episcopus,
739 3471 815 3532 sient
835 3469 923 3534 retent
944 3471 1075 3536 Ademus
1096 3473 1262 3552 Bremeosie

155 3583 235 3646 Libr.
266 3582 318 3646 lV.
347 3581 422 3644 Hist.
450 3579 546 3641 Brenn.
575 3578 646 3657 Cep.
674 3575 739 3651 lla,
768 3596 843 3658 quos
872 3581 946 3642 inter
971 3579 1048 3644 Scoti
1075 3582 1262 3648 inueniuntur

155 3691 297 3755 nonnulli.
331 3689 429 3764 „Sunt
449 3690 544 3762 enim,
566 3685 680 3760 scribit,
709 3703 811 3749 omnes
831 3688 985 3770 Episcopi,
1015 3709 1089 3770 quos
1111 3691 1261 3765 ordinauit,

155 3803 266 3880 viginti,
289 3816 414 3878 qnorum
436 3801 496 3858 tres
518 3795 640 3858 abortivi
660 3799 689 3856 et
710 3799 790 3856 extra
806 3796 920 3858 vineam
942 3798 1026 3860 otiosi
1046 3808 1260 3875 remanserunt,

154 3919 208 3971 sua
228 3911 414 3987 quaerentes,
435 3921 490 3966 non
513 3921 589 3983 quoe
609 3904 681 3964 Jesu
702 3901 827 3978 Christi3
848 3921 923 3983 quos
944 3907 1096 3971 universos
1108 3909 1261 3988 gloriosus

155 4015 400 4095 Archiepiscopus
418 4013 529 4074 decenti
551 4009 662 4073 honore
683 4008 801 4082 babens,
821 4011 857 4074 ad
879 4013 1104 4092 praedicandum
1124 4017 1260 4082 Barbarie

155 4124 278 4189 vebum
309 4123 364 4184 Dei
384 4137 480 4200 *prece
501 4123 531 4181 et
552 4119 684 4198 praemio·
705 4118 915 4182 commonebct.
958 4121 1000 4184 lte
1026 4127 1194 4206 saepissime
1215 4129 1259 4192 vi-

174 4361 217 4423 ¹ti
233 4359 342 4416 Prsetnt
360 4359 389 4414 in
402 4356 479 4411 ‹Tenn-
497 4355 546 4410 111.
566 4355 704 4424 botenti
719 4352 864 4411 Benedicti·
878 4355 903 4420 ς.
921 4355 971 4412 111.
989 4357 1021 4414 ti·
1040 4357 1083 4414 ³⁴.
