<?xml version="1.0" encoding="UTF-8"?>
<!DOCTYPE html PUBLIC "-//W3C//DTD XHTML 1.0 Transitional//EN"
    "http://www.w3.org/TR/xhtml1/DTD/xhtml1-transitional.dtd">
<html xmlns="http://www.w3.org/1999/xhtml" xml:lang="en" lang="en">
 <head>
  <title>
</title>
<meta http-equiv="Content-Type" content="text/html;charset=utf-8" />
  <meta name='ocr-system' content='tesseract 3.04.00' />
  <meta name='ocr-capabilities' content='ocr_page ocr_carea ocr_par ocr_line ocrx_word'/>
</head>
<body>
  <div class='ocr_page' id='page_1' title='image "./suffraganeicolo00heisgoog_0098.png"; bbox 0 0 2832 4828; ppageno 0'>
   <div class='ocr_carea' id='block_1_1' title="bbox 665 431 712 505">
    <p class='ocr_par' dir='ltr' id='par_1_1' title="bbox 665 431 712 505">
     <span class='ocr_line' id='line_1_1' title="bbox 665 431 712 505; baseline -0.043 0"><span class='ocrx_word' id='word_1_1' title='bbox 665 431 712 505; x_wconf 84' lang='grc'><strong>63</strong></span> 
     </span>
    </p>
   </div>
   <div class='ocr_carea' id='block_1_2' title="bbox 132 625 1239 926">
    <p class='ocr_par' dir='ltr' id='par_1_2' title="bbox 132 625 1239 926">
     <span class='ocr_line' id='line_1_2' title="bbox 132 625 1239 712; baseline -0.005 -21"><span class='ocrx_word' id='word_1_2' title='bbox 132 630 218 712; x_wconf 70' lang='lat' dir='ltr'><strong>fidon</strong></span> <span class='ocrx_word' id='word_1_3' title='bbox 246 629 416 692; x_wconf 72' lang='lat' dir='ltr'><strong>annoticum</strong></span> <span class='ocrx_word' id='word_1_4' title='bbox 447 627 554 693; x_wconf 73' lang='lat' dir='ltr'><strong>mcccc</strong></span> <span class='ocrx_word' id='word_1_5' title='bbox 586 626 769 692; x_wconf 78' lang='lat' dir='ltr'><strong>Ssrcniarimt</strong></span> <span class='ocrx_word' id='word_1_6' title='bbox 796 637 823 692; x_wconf 85' lang='lat' dir='ltr'><strong>ct</strong></span> <span class='ocrx_word' id='word_1_7' title='bbox 851 626 1005 690; x_wconf 78' lang='lat' dir='ltr'><strong>Celsirsimi</strong></span> <span class='ocrx_word' id='word_1_8' title='bbox 1036 625 1185 705; x_wconf 78' lang='lat' dir='ltr'><strong>Principis</strong></span> <span class='ocrx_word' id='word_1_9' title='bbox 1211 634 1239 687; x_wconf 83' lang='lat' dir='ltr'><strong>et</strong></span> 
     </span>
     <span class='ocr_line' id='line_1_3' title="bbox 134 734 1238 817; baseline -0.002 -19"><span class='ocrx_word' id='word_1_10' title='bbox 134 737 257 800; x_wconf 79' lang='lat' dir='ltr'><strong>Dmnini</strong></span> <span class='ocrx_word' id='word_1_11' title='bbox 276 736 315 800; x_wconf 86' lang='lat' dir='ltr'><strong>D.</strong></span> <span class='ocrx_word' id='word_1_12' title='bbox 336 735 466 814; x_wconf 75' lang='lat' dir='ltr'><strong>Ernesti,</strong></span> <span class='ocrx_word' id='word_1_13' title='bbox 488 735 613 802; x_wconf 70' lang='lat' dir='ltr'><strong>Hcsdca</strong></span> <span class='ocrx_word' id='word_1_14' title='bbox 634 735 815 817; x_wconf 82' lang='lat' dir='ltr'><strong>Londprcoti</strong></span> <span class='ocrx_word' id='word_1_15' title='bbox 835 744 887 798; x_wconf 82' lang='lat' dir='ltr'><strong>cta.</strong></span> <span class='ocrx_word' id='word_1_16' title='bbox 904 769 943 782; x_wconf 90' lang='lat'><strong>·-·</strong></span> <span class='ocrx_word' id='word_1_17' title='bbox 965 736 991 797; x_wconf 85' lang='lat' dir='ltr'><strong>E</strong></span> <span class='ocrx_word' id='word_1_18' title='bbox 1012 735 1086 798; x_wconf 81' lang='lat' dir='ltr'><strong>risis</strong></span> <span class='ocrx_word' id='word_1_19' title='bbox 1107 734 1238 798; x_wconf 88' lang='lat' dir='ltr'><strong>sublatus</strong></span> 
     </span>
     <span class='ocr_line' id='line_1_4' title="bbox 133 845 710 926; baseline 0.007 -18"><span class='ocrx_word' id='word_1_20' title='bbox 133 847 242 908; x_wconf 89' lang='lat' dir='ltr'><strong>dicitur</strong></span> <span class='ocrx_word' id='word_1_21' title='bbox 262 861 338 926; x_wconf 86' lang='lat' dir='ltr'><strong>aqua</strong></span> <span class='ocrx_word' id='word_1_22' title='bbox 358 850 500 910; x_wconf 80' lang='lat' dir='ltr'><strong>intercute</strong></span> <span class='ocrx_word' id='word_1_23' title='bbox 520 863 596 908; x_wconf 88' lang='lat' dir='ltr'><strong>anno</strong></span> <span class='ocrx_word' id='word_1_24' title='bbox 619 845 710 912; x_wconf 87' lang='grc'><strong>1660.</strong></span> 
     </span>
    </p>
   </div>
   <div class='ocr_carea' id='block_1_3' title="bbox 107 975 1296 3990">
    <p class='ocr_par' dir='ltr' id='par_1_3' title="bbox 287 975 1096 1044">
     <span class='ocr_line' id='line_1_5' title="bbox 287 975 1096 1044; baseline -0.005 -4"><span class='ocrx_word' id='word_1_25' title='bbox 287 978 430 1042; x_wconf 89' lang='lat' dir='ltr'><strong>XXVlll.</strong></span> <span class='ocrx_word' id='word_1_26' title='bbox 474 977 671 1044; x_wconf 77' lang='lat' dir='ltr'><strong>auuluuus</strong></span> <span class='ocrx_word' id='word_1_27' title='bbox 691 975 1096 1042; x_wconf 82' lang='lat' dir='ltr'><strong>ADRIANOPOLITANUS.</strong></span> 
     </span>
    </p>

    <p class='ocr_par' dir='ltr' id='par_1_4' title="bbox 107 1083 1296 3990">
     <span class='ocr_line' id='line_1_6' title="bbox 196 1083 1238 1169; baseline -0.004 -20"><span class='ocrx_word' id='word_1_28' title='bbox 196 1087 343 1150; x_wconf 80' lang='lat' dir='ltr'>Adrianus</span> <span class='ocrx_word' id='word_1_29' title='bbox 364 1089 401 1150; x_wconf 90' lang='lat' dir='ltr'><strong>de</strong></span> <span class='ocrx_word' id='word_1_30' title='bbox 422 1089 614 1169; x_wconf 85' lang='lat' dir='ltr'><strong>Walenburg,</strong></span> <span class='ocrx_word' id='word_1_31' title='bbox 629 1090 896 1162; x_wconf 80' lang='lat' dir='ltr'><strong>llotcrodamensis,</strong></span> <span class='ocrx_word' id='word_1_32' title='bbox 917 1087 1124 1150; x_wconf 88' lang='lat' dir='ltr'><strong>celeberrimus</strong></span> <span class='ocrx_word' id='word_1_33' title='bbox 1143 1083 1238 1146; x_wconf 88' lang='lat' dir='ltr'><strong>Theo-</strong></span> 
     </span>
     <span class='ocr_line' id='line_1_7' title="bbox 135 1194 1238 1278; baseline -0.004 -21"><span class='ocrx_word' id='word_1_34' title='bbox 135 1195 228 1276; x_wconf 81' lang='lat' dir='ltr'><strong>logus,</strong></span> <span class='ocrx_word' id='word_1_35' title='bbox 255 1201 284 1257; x_wconf 90' lang='lat' dir='ltr'><strong>et</strong></span> <span class='ocrx_word' id='word_1_36' title='bbox 305 1197 334 1257; x_wconf 92' lang='lat' dir='ltr'><strong>in</strong></span> <span class='ocrx_word' id='word_1_37' title='bbox 356 1203 480 1278; x_wconf 89' lang='lat' dir='ltr'><strong>utroque</strong></span> <span class='ocrx_word' id='word_1_38' title='bbox 498 1199 565 1278; x_wconf 85' lang='lat' dir='ltr'><strong>jure</strong></span> <span class='ocrx_word' id='word_1_39' title='bbox 586 1199 712 1273; x_wconf 91' lang='lat' dir='ltr'><strong>Doctor,</strong></span> <span class='ocrx_word' id='word_1_40' title='bbox 742 1199 808 1260; x_wconf 91' lang='lat' dir='ltr'><strong>dein</strong></span> <span class='ocrx_word' id='word_1_41' title='bbox 830 1197 1069 1276; x_wconf 88' lang='lat' dir='ltr'><strong>metropolitanae</strong></span> <span class='ocrx_word' id='word_1_42' title='bbox 1090 1194 1238 1257; x_wconf 80' lang='lat' dir='ltr'>Ecclesiae</span> 
     </span>
     <span class='ocr_line' id='line_1_8' title="bbox 134 1301 1296 1388; baseline 0.002 -23"><span class='ocrx_word' id='word_1_43' title='bbox 134 1303 236 1366; x_wconf 79' lang='lat' dir='ltr'><strong>Goion.</strong></span> <span class='ocrx_word' id='word_1_44' title='bbox 259 1303 421 1368; x_wconf 76' lang='lat' dir='ltr'><strong>canonicus</strong></span> <span class='ocrx_word' id='word_1_45' title='bbox 443 1307 594 1388; x_wconf 78' lang='lat' dir='ltr'><strong>presbyter</strong></span> <span class='ocrx_word' id='word_1_46' title='bbox 616 1313 645 1369; x_wconf 89' lang='lat' dir='ltr'><strong>et</strong></span> <span class='ocrx_word' id='word_1_47' title='bbox 666 1305 854 1386; x_wconf 77' lang='lat' dir='ltr'><strong>capitularis,</strong></span> <span class='ocrx_word' id='word_1_48' title='bbox 888 1321 946 1366; x_wconf 90' lang='lat' dir='ltr'><strong>una</strong></span> <span class='ocrx_word' id='word_1_49' title='bbox 977 1321 1045 1366; x_wconf 87' lang='lat' dir='ltr'><strong>cum</strong></span> <span class='ocrx_word' id='word_1_50' title='bbox 1075 1301 1163 1363; x_wconf 83' lang='lat' dir='ltr'><strong>tratre</strong></span> <span class='ocrx_word' id='word_1_51' title='bbox 1183 1320 1238 1363; x_wconf 92' lang='lat' dir='ltr'><strong>suo</strong></span> <span class='ocrx_word' id='word_1_52' title='bbox 1293 1356 1296 1367; x_wconf 90' lang='lat'>.</span> 
     </span>
     <span class='ocr_line' id='line_1_9' title="bbox 130 1411 1238 1496; baseline -0.003 -23"><span class='ocrx_word' id='word_1_53' title='bbox 130 1413 245 1492; x_wconf 87' lang='lat' dir='ltr'><strong>juniore</strong></span> <span class='ocrx_word' id='word_1_54' title='bbox 268 1411 362 1487; x_wconf 83' lang='lat' dir='ltr'><strong>Petro,</strong></span> <span class='ocrx_word' id='word_1_55' title='bbox 384 1415 531 1495; x_wconf 78' lang='lat' dir='ltr'><strong>Episcopo</strong></span> <span class='ocrx_word' id='word_1_56' title='bbox 553 1415 704 1496; x_wconf 76' lang='lat' dir='ltr'><strong>Mysiensi</strong></span> <span class='ocrx_word' id='word_1_57' title='bbox 730 1419 873 1495; x_wconf 87' lang='lat' dir='ltr'><strong>perpetua</strong></span> <span class='ocrx_word' id='word_1_58' title='bbox 896 1413 1051 1476; x_wconf 87' lang='lat' dir='ltr'><strong>certamina</strong></span> <span class='ocrx_word' id='word_1_59' title='bbox 1072 1414 1171 1472; x_wconf 90' lang='lat' dir='ltr'><strong>contra</strong></span> <span class='ocrx_word' id='word_1_60' title='bbox 1191 1427 1238 1470; x_wconf 91' lang='lat' dir='ltr'><strong>sa·</strong></span> 
     </span>
     <span class='ocr_line' id='line_1_10' title="bbox 132 1517 1238 1601; baseline -0.005 -18"><span class='ocrx_word' id='word_1_61' title='bbox 132 1523 302 1601; x_wconf 86' lang='lat' dir='ltr'><strong>gacissimos</strong></span> <span class='ocrx_word' id='word_1_62' title='bbox 323 1525 369 1586; x_wconf 91' lang='lat' dir='ltr'><strong>sui</strong></span> <span class='ocrx_word' id='word_1_63' title='bbox 389 1527 455 1588; x_wconf 86' lang='lat' dir='ltr'><strong>aeui</strong></span> <span class='ocrx_word' id='word_1_64' title='bbox 475 1523 670 1588; x_wconf 83' lang='lat' dir='ltr'><strong>heterodoxos</strong></span> <span class='ocrx_word' id='word_1_65' title='bbox 691 1527 820 1597; x_wconf 84' lang='lat' dir='ltr'><strong>certarit,</strong></span> <span class='ocrx_word' id='word_1_66' title='bbox 841 1541 917 1586; x_wconf 88' lang='lat' dir='ltr'><strong>anno</strong></span> <span class='ocrx_word' id='word_1_67' title='bbox 938 1519 1053 1583; x_wconf 88' lang='lat' dir='ltr'><strong>tandem</strong></span> <span class='ocrx_word' id='word_1_68' title='bbox 1077 1517 1167 1580; x_wconf 91' lang='grc'><strong>1661.</strong></span> <span class='ocrx_word' id='word_1_69' title='bbox 1190 1519 1238 1579; x_wconf 88' lang='lat' dir='ltr'><strong>dic</strong></span> 
     </span>
     <span class='ocr_line' id='line_1_11' title="bbox 107 1625 1237 1700; baseline -0.005 -8"><span class='ocrx_word' id='word_1_70' title='bbox 107 1639 109 1642; x_wconf 82' lang='grc'><strong>’</strong></span> <span class='ocrx_word' id='word_1_71' title='bbox 132 1627 161 1692; x_wconf 82' lang='grc'><strong>8.</strong></span> <span class='ocrx_word' id='word_1_72' title='bbox 183 1627 319 1694; x_wconf 82' lang='lat' dir='ltr'><strong>Andreae</strong></span> <span class='ocrx_word' id='word_1_73' title='bbox 339 1649 419 1700; x_wconf 84' lang='lat' dir='ltr'><strong>sacra</strong></span> <span class='ocrx_word' id='word_1_74' title='bbox 451 1635 481 1695; x_wconf 92' lang='lat' dir='ltr'><strong>in</strong></span> <span class='ocrx_word' id='word_1_75' title='bbox 515 1633 646 1695; x_wconf 79' lang='lat' dir='ltr'><strong>Ecclesia</strong></span> <span class='ocrx_word' id='word_1_76' title='bbox 673 1633 820 1695; x_wconf 89' lang='lat' dir='ltr'><strong>Bonnensi</strong></span> <span class='ocrx_word' id='word_1_77' title='bbox 847 1631 903 1693; x_wconf 82' lang='lat' dir='ltr'><strong>FF.</strong></span> <span class='ocrx_word' id='word_1_78' title='bbox 932 1629 1038 1693; x_wconf 88' lang='lat' dir='ltr'><strong>Minor.</strong></span> <span class='ocrx_word' id='word_1_79' title='bbox 1068 1625 1237 1690; x_wconf 85' lang='lat' dir='ltr'><strong>Conventu-</strong></span> 
     </span>
     <span class='ocr_line' id='line_1_12' title="bbox 132 1735 1238 1820; baseline -0.004 -22"><span class='ocrx_word' id='word_1_80' title='bbox 132 1737 222 1798; x_wconf 91' lang='lat' dir='ltr'><strong>alium</strong></span> <span class='ocrx_word' id='word_1_81' title='bbox 245 1757 262 1800; x_wconf 96' lang='lat' dir='ltr'><strong>a</strong></span> <span class='ocrx_word' id='word_1_82' title='bbox 283 1740 477 1804; x_wconf 79' lang='lat' dir='ltr'><strong>serenissimo</strong></span> <span class='ocrx_word' id='word_1_83' title='bbox 500 1739 727 1820; x_wconf 85' lang='lat' dir='ltr'><strong>Arclriepiscopo</strong></span> <span class='ocrx_word' id='word_1_84' title='bbox 758 1739 958 1803; x_wconf 84' lang='lat' dir='ltr'><strong>Maximiliauo</strong></span> <span class='ocrx_word' id='word_1_85' title='bbox 988 1735 1115 1799; x_wconf 77' lang='lat' dir='ltr'><strong>ilenrico</strong></span> <span class='ocrx_word' id='word_1_86' title='bbox 1136 1753 1238 1796; x_wconf 89' lang='lat' dir='ltr'><strong>conse·</strong></span> 
     </span>
     <span class='ocr_line' id='line_1_13' title="bbox 131 1840 1236 1929; baseline -0.003 -24"><span class='ocrx_word' id='word_1_87' title='bbox 131 1850 231 1907; x_wconf 90' lang='lat' dir='ltr'><strong>oratur</strong></span> <span class='ocrx_word' id='word_1_88' title='bbox 250 1843 415 1927; x_wconf 82' lang='lat' dir='ltr'><strong>Episcopus</strong></span> <span class='ocrx_word' id='word_1_89' title='bbox 435 1847 710 1929; x_wconf 82' lang='lat' dir='ltr'><strong>Adrianopolitanus</strong></span> <span class='ocrx_word' id='word_1_90' title='bbox 743 1849 789 1925; x_wconf 92' lang='lat' dir='ltr'><strong>(in</strong></span> <span class='ocrx_word' id='word_1_91' title='bbox 810 1847 946 1928; x_wconf 79' lang='lat' dir='ltr'><strong>Bithynia</strong></span> <span class='ocrx_word' id='word_1_92' title='bbox 967 1845 1013 1909; x_wconf 89' lang='lat' dir='ltr'><strong>vel</strong></span> <span class='ocrx_word' id='word_1_93' title='bbox 1036 1847 1066 1905; x_wconf 93' lang='lat' dir='ltr'><strong>in</strong></span> <span class='ocrx_word' id='word_1_94' title='bbox 1087 1840 1236 1923; x_wconf 78' lang='lat' dir='ltr'><strong>Thracia),</strong></span> 
     </span>
     <span class='ocr_line' id='line_1_14' title="bbox 131 1951 1236 2036; baseline -0.002 -22"><span class='ocrx_word' id='word_1_95' title='bbox 131 1953 334 2016; x_wconf 76' lang='lat' dir='ltr'><strong>assistentibus</strong></span> <span class='ocrx_word' id='word_1_96' title='bbox 356 1953 442 2019; x_wconf 88' lang='lat' dir='ltr'><strong>Petro</strong></span> <span class='ocrx_word' id='word_1_97' title='bbox 463 1959 499 2020; x_wconf 91' lang='lat' dir='ltr'><strong>de</strong></span> <span class='ocrx_word' id='word_1_98' title='bbox 520 1956 714 2036; x_wconf 84' lang='lat' dir='ltr'><strong>Walenburg,</strong></span> <span class='ocrx_word' id='word_1_99' title='bbox 737 1956 832 2031; x_wconf 82' lang='lat' dir='ltr'><strong>tratre,</strong></span> <span class='ocrx_word' id='word_1_100' title='bbox 855 1955 1040 2034; x_wconf 83' lang='lat' dir='ltr'><strong>Suffraganeo</strong></span> <span class='ocrx_word' id='word_1_101' title='bbox 1056 1951 1236 2031; x_wconf 85' lang='lat' dir='ltr'><strong>hloguntino,</strong></span> 
     </span>
     <span class='ocr_line' id='line_1_15' title="bbox 131 2059 1236 2144; baseline -0.002 -22"><span class='ocrx_word' id='word_1_102' title='bbox 131 2065 162 2122; x_wconf 92' lang='lat' dir='ltr'><strong>et</strong></span> <span class='ocrx_word' id='word_1_103' title='bbox 182 2063 294 2125; x_wconf 89' lang='lat' dir='ltr'><strong>Joanue</strong></span> <span class='ocrx_word' id='word_1_104' title='bbox 315 2061 441 2126; x_wconf 81' lang='lat' dir='ltr'><strong>Antonio</strong></span> <span class='ocrx_word' id='word_1_105' title='bbox 462 2063 587 2140; x_wconf 85' lang='lat' dir='ltr'><strong>Blavicr,</strong></span> <span class='ocrx_word' id='word_1_106' title='bbox 608 2063 657 2128; x_wconf 84' lang='lat' dir='ltr'><strong>SS.</strong></span> <span class='ocrx_word' id='word_1_107' title='bbox 679 2065 854 2144; x_wconf 85' lang='lat' dir='ltr'><strong>Theologiac</strong></span> <span class='ocrx_word' id='word_1_108' title='bbox 876 2065 1005 2136; x_wconf 90' lang='lat' dir='ltr'><strong>doctore,</strong></span> <span class='ocrx_word' id='word_1_109' title='bbox 1026 2081 1063 2122; x_wconf 84' lang='lat' dir='ltr'><strong>ex</strong></span> <span class='ocrx_word' id='word_1_110' title='bbox 1084 2059 1236 2122; x_wconf 89' lang='lat' dir='ltr'><strong>Minorum</strong></span> 
     </span>
     <span class='ocr_line' id='line_1_16' title="bbox 131 2167 1236 2254; baseline -0.002 -22"><span class='ocrx_word' id='word_1_111' title='bbox 131 2169 375 2234; x_wconf 75' lang='lat' dir='ltr'><strong>Contentualium</strong></span> <span class='ocrx_word' id='word_1_112' title='bbox 396 2179 481 2235; x_wconf 88' lang='lat' dir='ltr'><strong>coetu</strong></span> <span class='ocrx_word' id='word_1_113' title='bbox 502 2178 653 2253; x_wconf 89' lang='lat' dir='ltr'><strong>assumpto</strong></span> <span class='ocrx_word' id='word_1_114' title='bbox 673 2173 821 2254; x_wconf 81' lang='lat' dir='ltr'><strong>Episcopo</strong></span> <span class='ocrx_word' id='word_1_115' title='bbox 830 2172 1023 2252; x_wconf 78' lang='lat' dir='ltr'><strong>Dionysiensi,</strong></span> <span class='ocrx_word' id='word_1_116' title='bbox 1049 2167 1236 2248; x_wconf 77' lang='lat' dir='ltr'><strong>suffraganeo</strong></span> 
     </span>
     <span class='ocr_line' id='line_1_17' title="bbox 129 2279 1236 2362; baseline -0.005 -20"><span class='ocrx_word' id='word_1_117' title='bbox 129 2279 301 2356; x_wconf 88' lang='lat' dir='ltr'><strong>Leodiensi,</strong></span> <span class='ocrx_word' id='word_1_118' title='bbox 331 2299 347 2342; x_wconf 92' lang='lat' dir='ltr'><strong>a</strong></span> <span class='ocrx_word' id='word_1_119' title='bbox 369 2299 428 2360; x_wconf 88' lang='lat' dir='ltr'><strong>quo</strong></span> <span class='ocrx_word' id='word_1_120' title='bbox 450 2283 497 2343; x_wconf 89' lang='lat' dir='ltr'><strong>die</strong></span> <span class='ocrx_word' id='word_1_121' title='bbox 518 2285 547 2343; x_wconf 95' lang='lat' dir='ltr'><strong>in</strong></span> <span class='ocrx_word' id='word_1_122' title='bbox 579 2279 791 2362; x_wconf 84' lang='lat' dir='ltr'><strong>pontificalibus</strong></span> <span class='ocrx_word' id='word_1_123' title='bbox 818 2283 927 2343; x_wconf 90' lang='lat' dir='ltr'><strong>muniis</strong></span> <span class='ocrx_word' id='word_1_124' title='bbox 947 2281 1093 2343; x_wconf 89' lang='lat' dir='ltr'><strong>Vicariam</strong></span> <span class='ocrx_word' id='word_1_125' title='bbox 1115 2295 1236 2356; x_wconf 89' lang='lat' dir='ltr'><strong>operam</strong></span> 
     </span>
     <span class='ocr_line' id='line_1_18' title="bbox 130 2387 1236 2469; baseline -0.002 -21"><span class='ocrx_word' id='word_1_126' title='bbox 130 2389 248 2451; x_wconf 83' lang='lat' dir='ltr'><strong>navavit</strong></span> <span class='ocrx_word' id='word_1_127' title='bbox 273 2387 489 2452; x_wconf 76' lang='lat' dir='ltr'><strong>Archidioecesi</strong></span> <span class='ocrx_word' id='word_1_128' title='bbox 523 2389 698 2453; x_wconf 87' lang='lat' dir='ltr'><strong>Coloniensi.</strong></span> <span class='ocrx_word' id='word_1_129' title='bbox 759 2389 860 2452; x_wconf 83' lang='lat' dir='ltr'><strong>hltero</strong></span> <span class='ocrx_word' id='word_1_130' title='bbox 892 2395 958 2469; x_wconf 85' lang='lat' dir='ltr'><strong>post</strong></span> <span class='ocrx_word' id='word_1_131' title='bbox 989 2391 1236 2450; x_wconf 87' lang='lat' dir='ltr'><strong>consecrationem</strong></span> 
     </span>
     <span class='ocr_line' id='line_1_19' title="bbox 129 2495 1236 2588; baseline -0.002 -30"><span class='ocrx_word' id='word_1_132' title='bbox 129 2515 208 2559; x_wconf 90' lang='lat' dir='ltr'><strong>anno</strong></span> <span class='ocrx_word' id='word_1_133' title='bbox 229 2499 579 2588; x_wconf 78' lang='lat' dir='ltr'><strong>co&#39;e&#39;githrchiepiscopus</strong></span> <span class='ocrx_word' id='word_1_134' title='bbox 600 2499 817 2562; x_wconf 84' lang='lat' dir='ltr'><strong>Maximilianus</strong></span> <span class='ocrx_word' id='word_1_135' title='bbox 838 2496 982 2562; x_wconf 84' lang='lat' dir='ltr'><strong>ilenricus</strong></span> <span class='ocrx_word' id='word_1_136' title='bbox 1004 2499 1141 2561; x_wconf 76' lang='lat' dir='ltr'><strong>Coloniae</strong></span> <span class='ocrx_word' id='word_1_137' title='bbox 1162 2495 1236 2576; x_wconf 84' lang='lat' dir='ltr'><strong>Syn·</strong></span> 
     </span>
     <span class='ocr_line' id='line_1_20' title="bbox 129 2605 1235 2688; baseline -0.004 -20"><span class='ocrx_word' id='word_1_138' title='bbox 129 2607 220 2668; x_wconf 93' lang='lat' dir='ltr'><strong>odum</strong></span> <span class='ocrx_word' id='word_1_139' title='bbox 242 2607 457 2680; x_wconf 80' lang='lat' dir='ltr'><strong>dioecesanam,</strong></span> <span class='ocrx_word' id='word_1_140' title='bbox 492 2611 623 2670; x_wconf 89' lang='lat' dir='ltr'><strong>omnium</strong></span> <span class='ocrx_word' id='word_1_141' title='bbox 645 2609 764 2688; x_wconf 90' lang='lat' dir='ltr'><strong>quidem</strong></span> <span class='ocrx_word' id='word_1_142' title='bbox 787 2607 935 2680; x_wconf 89' lang='lat' dir='ltr'><strong>ultimam,</strong></span> <span class='ocrx_word' id='word_1_143' title='bbox 966 2610 995 2667; x_wconf 92' lang='lat' dir='ltr'><strong>in</strong></span> <span class='ocrx_word' id='word_1_144' title='bbox 1017 2625 1075 2684; x_wconf 89' lang='lat' dir='ltr'><strong>qua</strong></span> <span class='ocrx_word' id='word_1_145' title='bbox 1097 2607 1133 2666; x_wconf 89' lang='lat' dir='ltr'><strong>de</strong></span> <span class='ocrx_word' id='word_1_146' title='bbox 1155 2605 1235 2666; x_wconf 92' lang='lat' dir='ltr'><strong>omni</strong></span> 
     </span>
     <span class='ocr_line' id='line_1_21' title="bbox 125 2713 1234 2796; baseline -0.003 -20"><span class='ocrx_word' id='word_1_147' title='bbox 125 2715 192 2796; x_wconf 87' lang='lat' dir='ltr'><strong>jure</strong></span> <span class='ocrx_word' id='word_1_148' title='bbox 213 2715 422 2790; x_wconf 87' lang='lat' dir='ltr'><strong>ecclesiastico,</strong></span> <span class='ocrx_word' id='word_1_149' title='bbox 450 2715 486 2776; x_wconf 90' lang='lat' dir='ltr'><strong>de</strong></span> <span class='ocrx_word' id='word_1_150' title='bbox 507 2722 585 2778; x_wconf 88' lang='lat' dir='ltr'><strong>recta</strong></span> <span class='ocrx_word' id='word_1_151' title='bbox 607 2718 858 2779; x_wconf 89' lang='lat' dir='ltr'><strong>Sacramentorum</strong></span> <span class='ocrx_word' id='word_1_152' title='bbox 879 2716 1126 2777; x_wconf 85' lang='lat' dir='ltr'><strong>administratione</strong></span> <span class='ocrx_word' id='word_1_153' title='bbox 1147 2719 1176 2773; x_wconf 90' lang='lat' dir='ltr'><strong>et</strong></span> <span class='ocrx_word' id='word_1_154' title='bbox 1198 2713 1234 2774; x_wconf 88' lang='lat' dir='ltr'><strong>da</strong></span> 
     </span>
     <span class='ocr_line' id='line_1_22' title="bbox 128 2821 1233 2902; baseline -0.005 -15"><span class='ocrx_word' id='word_1_155' title='bbox 128 2825 226 2887; x_wconf 89' lang='lat' dir='ltr'><strong>officio</strong></span> <span class='ocrx_word' id='word_1_156' title='bbox 248 2823 405 2902; x_wconf 87' lang='lat' dir='ltr'><strong>parochiali</strong></span> <span class='ocrx_word' id='word_1_157' title='bbox 437 2823 668 2902; x_wconf 87' lang='lat' dir='ltr'><strong>praeclarissima</strong></span> <span class='ocrx_word' id='word_1_158' title='bbox 695 2826 809 2887; x_wconf 88' lang='lat' dir='ltr'><strong>condita</strong></span> <span class='ocrx_word' id='word_1_159' title='bbox 829 2829 897 2886; x_wconf 90' lang='lat' dir='ltr'><strong>sunt</strong></span> <span class='ocrx_word' id='word_1_160' title='bbox 927 2825 1038 2886; x_wconf 89' lang='lat' dir='ltr'><strong>Statuta</strong></span> <span class='ocrx_word' id='word_1_161' title='bbox 1066 2821 1233 2902; x_wconf 76' lang='lat' dir='ltr'><strong>synodalia,</strong></span> 
     </span>
     <span class='ocr_line' id='line_1_23' title="bbox 127 2909 1233 3012; baseline -0.002 -18"><span class='ocrx_word' id='word_1_162' title='bbox 127 2934 158 2994; x_wconf 89' lang='lat' dir='ltr'><strong>in</strong></span> <span class='ocrx_word' id='word_1_163' title='bbox 179 2931 255 2994; x_wconf 85' lang='lat' dir='ltr'><strong>hauc</strong></span> <span class='ocrx_word' id='word_1_164' title='bbox 276 2949 370 3010; x_wconf 88' lang='lat' dir='ltr'><strong>usque</strong></span> <span class='ocrx_word' id='word_1_165' title='bbox 399 2931 477 2993; x_wconf 89' lang='lat' dir='ltr'><strong>diem</strong></span> <span class='ocrx_word' id='word_1_166' title='bbox 510 2937 544 2993; x_wconf 92' lang='lat' dir='ltr'><strong>ut</strong></span> <span class='ocrx_word' id='word_1_167' title='bbox 570 2951 670 2995; x_wconf 88' lang='lat' dir='ltr'><strong>norma</strong></span> <span class='ocrx_word' id='word_1_168' title='bbox 699 2939 729 2995; x_wconf 91' lang='lat' dir='ltr'><strong>et</strong></span> <span class='ocrx_word' id='word_1_169' title='bbox 744 2909 856 3012; x_wconf 80' lang='lat' dir='ltr'><strong>¹regula</strong></span> <span class='ocrx_word' id='word_1_170' title='bbox 885 2933 1020 2994; x_wconf 89' lang='lat' dir='ltr'><strong>omnibus</strong></span> <span class='ocrx_word' id='word_1_171' title='bbox 1047 2934 1233 3010; x_wconf 88' lang='lat' dir='ltr'><strong>praescripta.</strong></span> 
     </span>
     <span class='ocr_line' id='line_1_24' title="bbox 129 3039 1232 3120; baseline 0 -18"><span class='ocrx_word' id='word_1_172' title='bbox 129 3039 263 3114; x_wconf 86' lang='lat' dir='ltr'><strong>Partem,</strong></span> <span class='ocrx_word' id='word_1_173' title='bbox 285 3043 315 3100; x_wconf 88' lang='lat' dir='ltr'><strong>et</strong></span> <span class='ocrx_word' id='word_1_174' title='bbox 336 3059 393 3102; x_wconf 96' lang='lat' dir='ltr'><strong>non</strong></span> <span class='ocrx_word' id='word_1_175' title='bbox 415 3043 582 3118; x_wconf 89' lang='lat' dir='ltr'><strong>minimam,</strong></span> <span class='ocrx_word' id='word_1_176' title='bbox 605 3044 635 3102; x_wconf 92' lang='lat' dir='ltr'><strong>in</strong></span> <span class='ocrx_word' id='word_1_177' title='bbox 656 3039 712 3104; x_wconf 91' lang='lat' dir='ltr'><strong>hoo</strong></span> <span class='ocrx_word' id='word_1_178' title='bbox 733 3044 812 3120; x_wconf 85' lang='lat' dir='ltr'><strong>gravi</strong></span> <span class='ocrx_word' id='word_1_179' title='bbox 834 3045 948 3120; x_wconf 83' lang='lat' dir='ltr'><strong>negotio</strong></span> <span class='ocrx_word' id='word_1_180' title='bbox 970 3039 1105 3102; x_wconf 89' lang='lat' dir='ltr'><strong>habuisse</strong></span> <span class='ocrx_word' id='word_1_181' title='bbox 1126 3039 1232 3120; x_wconf 52' lang='lat' dir='ltr'><strong>Adriaf</strong></span> 
     </span>
     <span class='ocr_line' id='line_1_25' title="bbox 127 3145 1233 3234; baseline -0.001 -24"><span class='ocrx_word' id='word_1_182' title='bbox 127 3167 213 3225; x_wconf 89' lang='lat' dir='ltr'><strong>uum,</strong></span> <span class='ocrx_word' id='word_1_183' title='bbox 235 3145 303 3210; x_wconf 89' lang='lat' dir='ltr'><strong>licet</strong></span> <span class='ocrx_word' id='word_1_184' title='bbox 323 3167 359 3210; x_wconf 83' lang='lat' dir='ltr'><strong>en</strong></span> <span class='ocrx_word' id='word_1_185' title='bbox 379 3151 451 3210; x_wconf 88' lang='lat' dir='ltr'><strong>actis</strong></span> <span class='ocrx_word' id='word_1_186' title='bbox 470 3149 580 3234; x_wconf 85' lang='lat' dir='ltr'><strong>Synodi</strong></span> <span class='ocrx_word' id='word_1_187' title='bbox 602 3149 782 3223; x_wconf 88' lang='lat' dir='ltr'><strong>concludere,</strong></span> <span class='ocrx_word' id='word_1_188' title='bbox 805 3151 834 3210; x_wconf 95' lang='lat' dir='ltr'><strong>in</strong></span> <span class='ocrx_word' id='word_1_189' title='bbox 853 3150 958 3229; x_wconf 91' lang='lat' dir='ltr'><strong>quibus</strong></span> <span class='ocrx_word' id='word_1_190' title='bbox 975 3151 1159 3210; x_wconf 88' lang='lat' dir='ltr'><strong>constituitur</strong></span> <span class='ocrx_word' id='word_1_191' title='bbox 1180 3149 1233 3209; x_wconf 90' lang='lat' dir='ltr'><strong>Ju-</strong></span> 
     </span>
     <span class='ocr_line' id='line_1_26' title="bbox 126 3256 1231 3337; baseline 0 -19"><span class='ocrx_word' id='word_1_192' title='bbox 126 3257 185 3318; x_wconf 85' lang='lat' dir='ltr'><strong>dex</strong></span> <span class='ocrx_word' id='word_1_193' title='bbox 206 3263 235 3318; x_wconf 92' lang='lat' dir='ltr'><strong>et</strong></span> <span class='ocrx_word' id='word_1_194' title='bbox 255 3260 435 3319; x_wconf 79' lang='lat' dir='ltr'><strong>examinator</strong></span> <span class='ocrx_word' id='word_1_195' title='bbox 451 3257 603 3337; x_wconf 84' lang='lat' dir='ltr'><strong>Synodalis</strong></span> <span class='ocrx_word' id='word_1_196' title='bbox 625 3263 654 3318; x_wconf 88' lang='lat' dir='ltr'><strong>et</strong></span> <span class='ocrx_word' id='word_1_197' title='bbox 663 3257 803 3320; x_wconf 88' lang='lat' dir='ltr'><strong>Ollloialis</strong></span> <span class='ocrx_word' id='word_1_198' title='bbox 818 3256 1077 3335; x_wconf 74' lang='lat' dir='ltr'><strong>archiepiscopalis</strong></span> <span class='ocrx_word' id='word_1_199' title='bbox 1088 3257 1124 3334; x_wconf 86' lang='lat'><strong>²).</strong></span> <span class='ocrx_word' id='word_1_200' title='bbox 1146 3256 1231 3318; x_wconf 85' lang='lat' dir='ltr'><strong>Auno</strong></span> 
     </span>
     <span class='ocr_line' id='line_1_27' title="bbox 127 3363 1230 3458; baseline -0.001 -31"><span class='ocrx_word' id='word_1_201' title='bbox 127 3363 220 3458; x_wconf 45' lang='lat'><strong>1665&lt;</strong></span> <span class='ocrx_word' id='word_1_202' title='bbox 244 3367 291 3426; x_wconf 91' lang='lat' dir='ltr'><strong>die</strong></span> <span class='ocrx_word' id='word_1_203' title='bbox 311 3365 544 3427; x_wconf 81' lang='lat' dir='ltr'><strong>Annuntiationis</strong></span> <span class='ocrx_word' id='word_1_204' title='bbox 565 3365 597 3426; x_wconf 89' lang='lat' dir='ltr'><strong>B.</strong></span> <span class='ocrx_word' id='word_1_205' title='bbox 620 3365 729 3428; x_wconf 85' lang='lat' dir='ltr'><strong>Mariae</strong></span> <span class='ocrx_word' id='word_1_206' title='bbox 752 3367 892 3444; x_wconf 83' lang='lat' dir='ltr'><strong>Virginis,</strong></span> <span class='ocrx_word' id='word_1_207' title='bbox 914 3364 1080 3443; x_wconf 92' lang='lat' dir='ltr'><strong>Philippum</strong></span> <span class='ocrx_word' id='word_1_208' title='bbox 1102 3363 1230 3438; x_wconf 78' lang='lat' dir='ltr'><strong>Breues,</strong></span> 
     </span>
     <span class='ocr_line' id='line_1_28' title="bbox 125 3468 1230 3552; baseline -0.002 -16"><span class='ocrx_word' id='word_1_209' title='bbox 125 3473 253 3536; x_wconf 91' lang='lat' dir='ltr'><strong>electum</strong></span> <span class='ocrx_word' id='word_1_210' title='bbox 276 3471 418 3534; x_wconf 82' lang='lat' dir='ltr'><strong>hbbatem</strong></span> <span class='ocrx_word' id='word_1_211' title='bbox 439 3468 738 3549; x_wconf 88' lang='lat' dir='ltr'><strong>Brauweilerensem,</strong></span> <span class='ocrx_word' id='word_1_212' title='bbox 761 3475 847 3536; x_wconf 88' lang='lat' dir='ltr'><strong>donat</strong></span> <span class='ocrx_word' id='word_1_213' title='bbox 868 3471 957 3534; x_wconf 84' lang='lat' dir='ltr'><strong>infula</strong></span> <span class='ocrx_word' id='word_1_214' title='bbox 978 3478 1007 3534; x_wconf 92' lang='lat' dir='ltr'><strong>ct</strong></span> <span class='ocrx_word' id='word_1_215' title='bbox 1029 3473 1112 3552; x_wconf 84' lang='lat' dir='ltr'><strong>pedo.</strong></span> <span class='ocrx_word' id='word_1_216' title='bbox 1155 3471 1230 3534; x_wconf 82' lang='lat' dir='ltr'><strong>Cum</strong></span> 
     </span>
     <span class='ocr_line' id='line_1_29' title="bbox 126 3581 1244 3660; baseline 0.002 -17"><span class='ocrx_word' id='word_1_217' title='bbox 126 3601 203 3644; x_wconf 91' lang='lat' dir='ltr'><strong>auno</strong></span> <span class='ocrx_word' id='word_1_218' title='bbox 226 3581 318 3643; x_wconf 82' lang='lat' dir='ltr'><strong>tuus.</strong></span> <span class='ocrx_word' id='word_1_219' title='bbox 342 3585 475 3644; x_wconf 92' lang='lat' dir='ltr'><strong>omnium</strong></span> <span class='ocrx_word' id='word_1_220' title='bbox 491 3601 613 3660; x_wconf 87' lang='lat' dir='ltr'><strong>operum</strong></span> <span class='ocrx_word' id='word_1_221' title='bbox 634 3601 754 3644; x_wconf 89' lang='lat' dir='ltr'><strong>suorum</strong></span> <span class='ocrx_word' id='word_1_222' title='bbox 774 3601 878 3644; x_wconf 85' lang='lat' dir='ltr'><strong>novam</strong></span> <span class='ocrx_word' id='word_1_223' title='bbox 894 3583 1049 3644; x_wconf 90' lang='lat' dir='ltr'><strong>editionem</strong></span> <span class='ocrx_word' id='word_1_224' title='bbox 1065 3581 1244 3645; x_wconf 80' lang='lat' dir='ltr'><strong>cumfratre</strong></span> 
     </span>
     <span class='ocr_line' id='line_1_30' title="bbox 124 3689 1231 3771; baseline 0 -19"><span class='ocrx_word' id='word_1_225' title='bbox 124 3691 214 3752; x_wconf 87' lang='lat' dir='ltr'><strong>Patro</strong></span> <span class='ocrx_word' id='word_1_226' title='bbox 235 3689 397 3752; x_wconf 88' lang='lat' dir='ltr'><strong>absolverat</strong></span> <span class='ocrx_word' id='word_1_227' title='bbox 420 3695 449 3752; x_wconf 89' lang='lat' dir='ltr'><strong>et</strong></span> <span class='ocrx_word' id='word_1_228' title='bbox 469 3691 705 3770; x_wconf 87' lang='lat' dir='ltr'><strong>Archiepisoopis</strong></span> <span class='ocrx_word' id='word_1_229' title='bbox 732 3691 905 3771; x_wconf 78' lang='lat' dir='ltr'><strong>Moguntino</strong></span> <span class='ocrx_word' id='word_1_230' title='bbox 936 3696 964 3754; x_wconf 93' lang='lat' dir='ltr'><strong>et</strong></span> <span class='ocrx_word' id='word_1_231' title='bbox 991 3691 1158 3754; x_wconf 86' lang='lat' dir='ltr'><strong>Coloniensi</strong></span> <span class='ocrx_word' id='word_1_232' title='bbox 1180 3691 1231 3752; x_wconf 94' lang='lat' dir='ltr'><strong>oh·</strong></span> 
     </span>
     <span class='ocr_line' id='line_1_31' title="bbox 124 3800 1229 3878; baseline 0.003 -18"><span class='ocrx_word' id='word_1_233' title='bbox 124 3800 241 3872; x_wconf 86' lang='lat' dir='ltr'><strong>tulerat,</strong></span> <span class='ocrx_word' id='word_1_234' title='bbox 263 3815 433 3876; x_wconf 89' lang='lat' dir='ltr'><strong>supremum</strong></span> <span class='ocrx_word' id='word_1_235' title='bbox 457 3817 573 3878; x_wconf 89' lang='lat' dir='ltr'><strong>quoque</strong></span> <span class='ocrx_word' id='word_1_236' title='bbox 594 3801 670 3862; x_wconf 85' lang='lat' dir='ltr'><strong>vitae</strong></span> <span class='ocrx_word' id='word_1_237' title='bbox 698 3814 768 3862; x_wconf 90' lang='lat' dir='ltr'><strong>suae</strong></span> <span class='ocrx_word' id='word_1_238' title='bbox 790 3819 864 3878; x_wconf 87' lang='lat' dir='ltr'><strong>opus</strong></span> <span class='ocrx_word' id='word_1_239' title='bbox 895 3806 990 3862; x_wconf 87' lang='lat' dir='ltr'><strong>morte</strong></span> <span class='ocrx_word' id='word_1_240' title='bbox 1012 3801 1135 3864; x_wconf 91' lang='lat' dir='ltr'><strong>absolvit</strong></span> <span class='ocrx_word' id='word_1_241' title='bbox 1162 3801 1229 3863; x_wconf 90' lang='lat' dir='ltr'><strong>Mo-</strong></span> 
     </span>
     <span class='ocr_line' id='line_1_32' title="bbox 124 3905 853 3990; baseline -0.004 -19"><span class='ocrx_word' id='word_1_242' title='bbox 124 3910 243 3989; x_wconf 85' lang='lat' dir='ltr'><strong>guntiae</strong></span> <span class='ocrx_word' id='word_1_243' title='bbox 264 3905 313 3968; x_wconf 85' lang='lat' dir='ltr'><strong>tt.</strong></span> <span class='ocrx_word' id='word_1_244' title='bbox 336 3907 588 3990; x_wconf 48' lang='lat' dir='ltr'><strong>Septembmanni</strong></span> <span class='ocrx_word' id='word_1_245' title='bbox 609 3908 740 3986; x_wconf 87' lang='lat' dir='ltr'><strong>ejusdem</strong></span> <span class='ocrx_word' id='word_1_246' title='bbox 763 3907 853 3969; x_wconf 87' lang='grc'><strong>1669.</strong></span> 
     </span>
    </p>
   </div>
   <div class='ocr_carea' id='block_1_4' title="bbox 123 4056 1228 4357">
    <p class='ocr_par' dir='ltr' id='par_1_5' title="bbox 123 4056 1228 4357">
     <span class='ocr_line' id='line_1_33' title="bbox 377 4056 970 4124; baseline 0.002 -6"><span class='ocrx_word' id='word_1_247' title='bbox 377 4056 496 4119; x_wconf 85' lang='lat' dir='ltr'><strong>XXIX.</strong></span> <span class='ocrx_word' id='word_1_248' title='bbox 539 4057 688 4122; x_wconf 84' lang='lat' dir='ltr'>PAULUS</span> <span class='ocrx_word' id='word_1_249' title='bbox 710 4060 970 4124; x_wconf 81' lang='lat' dir='ltr'><strong>ARMlRlENSlS.</strong></span> 
     </span>
     <span class='ocr_line' id='line_1_34' title="bbox 126 4165 1228 4266; baseline 0.004 -38"><span class='ocrx_word' id='word_1_250' title='bbox 126 4263 128 4266; x_wconf 16' lang='grc' dir='ltr'>Ι</span> <span class='ocrx_word' id='word_1_251' title='bbox 187 4165 314 4228; x_wconf 79' lang='lat' dir='ltr'><strong>Adriano</strong></span> <span class='ocrx_word' id='word_1_252' title='bbox 335 4169 474 4228; x_wconf 89' lang='lat' dir='ltr'><strong>successit</strong></span> <span class='ocrx_word' id='word_1_253' title='bbox 495 4165 602 4230; x_wconf 89' lang='lat' dir='ltr'><strong>Paulus</strong></span> <span class='ocrx_word' id='word_1_254' title='bbox 631 4167 819 4246; x_wconf 84' lang='lat' dir='ltr'><strong>Ausscmius,</strong></span> <span class='ocrx_word' id='word_1_255' title='bbox 849 4170 1043 4246; x_wconf 88' lang='lat' dir='ltr'><strong>Coloniensis‚</strong></span> <span class='ocrx_word' id='word_1_256' title='bbox 1074 4169 1228 4250; x_wconf 77' lang='lat' dir='ltr'><strong>¹tlrchiepi-</strong></span> 
     </span>
     <span class='ocr_line' id='line_1_35' title="bbox 123 4273 1228 4357; baseline 0.005 -19"><span class='ocrx_word' id='word_1_257' title='bbox 123 4275 206 4354; x_wconf 90' lang='lat' dir='ltr'><strong>scopi</strong></span> <span class='ocrx_word' id='word_1_258' title='bbox 228 4273 418 4336; x_wconf 82' lang='lat' dir='ltr'><strong>Maximiliani</strong></span> <span class='ocrx_word' id='word_1_259' title='bbox 436 4274 554 4338; x_wconf 89' lang='lat' dir='ltr'><strong>Henrici</strong></span> <span class='ocrx_word' id='word_1_260' title='bbox 576 4274 612 4337; x_wconf 89' lang='lat' dir='ltr'><strong>ab</strong></span> <span class='ocrx_word' id='word_1_261' title='bbox 628 4293 703 4338; x_wconf 90' lang='lat' dir='ltr'><strong>auno</strong></span> <span class='ocrx_word' id='word_1_262' title='bbox 727 4277 816 4343; x_wconf 76' lang='grc'><strong>1662.</strong></span> <span class='ocrx_word' id='word_1_263' title='bbox 838 4281 866 4339; x_wconf 94' lang='lat' dir='ltr'><strong>in</strong></span> <span class='ocrx_word' id='word_1_264' title='bbox 885 4279 1102 4357; x_wconf 80' lang='lat' dir='ltr'><strong>spiritualibus,</strong></span> <span class='ocrx_word' id='word_1_265' title='bbox 1123 4281 1228 4344; x_wconf 88' lang='lat' dir='ltr'><strong>deinde</strong></span> 
     </span>
    </p>
   </div>
   <div class='ocr_carea' id='block_1_5' title="bbox 161 4429 1025 4602">
    <p class='ocr_par' dir='ltr' id='par_1_6' title="bbox 161 4429 1025 4602">
     <span class='ocr_line' id='line_1_36' title="bbox 161 4429 1014 4499; baseline 0.006 -15"><span class='ocrx_word' id='word_1_266' title='bbox 161 4435 192 4496; x_wconf 85' lang='lat'><strong>1)</strong></span> <span class='ocrx_word' id='word_1_267' title='bbox 209 4433 357 4487; x_wconf 71' lang='lat' dir='ltr'><strong>usercam</strong></span> <span class='ocrx_word' id='word_1_268' title='bbox 375 4429 471 4486; x_wconf 76' lang='lat' dir='ltr'><strong>maur.</strong></span> <span class='ocrx_word' id='word_1_269' title='bbox 489 4433 612 4488; x_wconf 63' lang='lat' dir='ltr'><strong>utrumn,</strong></span> <span class='ocrx_word' id='word_1_270' title='bbox 628 4437 702 4490; x_wconf 77' lang='lat' dir='ltr'><strong>Tun.</strong></span> <span class='ocrx_word' id='word_1_271' title='bbox 721 4435 771 4490; x_wconf 80' lang='lat' dir='ltr'><strong>IX.</strong></span> <span class='ocrx_word' id='word_1_272' title='bbox 788 4449 845 4499; x_wconf 74' lang='lat' dir='ltr'><strong>pag.</strong></span> <span class='ocrx_word' id='word_1_273' title='bbox 863 4435 1014 4489; x_wconf 80' lang='lat' dir='ltr'><strong>etr-aro.</strong></span> 
     </span>
     <span class='ocr_line' id='line_1_37' title="bbox 429 4532 1025 4602; baseline 0.007 -56"><span class='ocrx_word' id='word_1_274' title='bbox 429 4537 432 4546; x_wconf 79' lang='grc'><strong><em>,</em></strong></span> <span class='ocrx_word' id='word_1_275' title='bbox 936 4588 941 4602; x_wconf 38' lang='grc' dir='ltr'><strong><em>Ι</em></strong></span> <span class='ocrx_word' id='word_1_276' title='bbox 975 4532 1025 4591; x_wconf 59' lang='grc'><strong>6*</strong></span> 
     </span>
    </p>
   </div>
   <div class='ocr_carea' id='block_1_6' title="bbox 0 0 1420 4828">
    <p class='ocr_par' dir='ltr' id='par_1_7' title="bbox 0 0 1420 4828">
     <span class='ocr_line' id='line_1_38' title="bbox 0 0 1420 4828; baseline 0 3"><span class='ocrx_word' id='word_1_277' title='bbox 0 0 1420 4828; x_wconf 95' lang='lat' dir='ltr'><strong> </strong></span> 
     </span>
    </p>
   </div>
  </div>
 </body>
</html>
