2832 4828
728 383 779 462 ot

715 662 717 665 ·
733 645 797 691 rma

735 713 773 775 de

695 795 812 878 Veyder

199 1053 256 1118 llic
274 1056 349 1138 jacet
368 1057 496 1125 loannes
516 1061 681 1130 Wemerus
710 1067 748 1130 de
768 1067 901 1148 Veyder,
938 1065 1102 1147 Episcopus
1128 1059 1303 1126 Eleuthero-

199 1163 359 1243 politanua,
380 1167 528 1234 Ecclesiae
557 1171 739 1238 Coloniensls
759 1173 963 1256 Sullroganeus
984 1177 1014 1236 et
1035 1172 1199 1237 canonicus
1221 1167 1304 1252 Capi·

198 1273 310 1351 tularis,
323 1275 510 1360 Praepositus
525 1281 691 1361 Mesobedc,
713 1282 856 1348 Dominus
877 1287 905 1348 in
921 1283 1073 1364 blahlberg
1092 1287 1122 1346 et
1141 1277 1303 1355 Rettenlelt,

434 1387 577 1454 Dominus
598 1392 788 1456 immediatus
808 1394 838 1455 ln
859 1391 1062 1457 lliivclsbeins.

537 1499 687 1565 VlATOR
711 1498 964 1578 CHRlS'l'lAllE,

198 1601 260 1666 Ora
286 1619 341 1690 pro
370 1601 505 1671 defuncto
534 1614 685 1688 peccatore
711 1611 941 1674 misericordiam
969 1607 1045 1684 Dei,
1078 1610 1110 1670 ut
1131 1609 1162 1669 et
1183 1605 1234 1669 illa
1254 1605 1303 1668 tibi

198 1707 249 1775 liat
269 1714 356 1776 indic
375 1731 478 1797 magna
499 1719 529 1780 et
549 1717 579 1780 in
595 1719 643 1782 via
660 1737 718 1784 non
735 1717 860 1782 delicias.
892 1717 974 1783 Obiit
983 1735 1060 1782 anno
1070 1717 1188 1780 Domini
1201 1710 1303 1790 1723,

573 1827 621 1889 dle
641 1844 712 1890 uero
734 1825 785 1896 30.
806 1825 923 1892 Octobr.

580 1937 755 2018 Requiescat
775 1937 805 2000 io
827 1953 912 2018 pace,
995 1991 997 2000 ,

694 2045 806 2108 Ameni

614 2155 714 2218 aetatis
736 2171 812 2218 auno
832 2151 882 2216 66.

252 2306 398 2372 XXXIV.
440 2304 680 2378 iutuciscus
701 2312 850 2376 bisunu
871 2306 1255 2376 REODIOPOLITANUS.

262 2415 355 2480 Natus
375 2421 438 2480 erat
467 2417 606 2484 Coloniae
627 2420 679 2484 22
701 2423 860 2486 Nouembr.
883 2420 974 2483 1663.
1003 2419 1174 2482 Fraociscus
1196 2417 1304 2498 Caspsr
1393 2447 1394 2450 ¹

199 2524 237 2588 cle
252 2527 586 2606 Francken-Siersdorl,
607 2531 692 2612 cujus
712 2551 748 2594 ex
770 2530 880 2594 lamilia
901 2532 956 2594 viri
975 2529 1104 2592 illustres
1124 2532 1154 2590 et
1175 2529 1303 2608 religiosi

199 2653 217 2698 a
236 2624 303 2716 plus
324 2655 412 2716 quam
433 2641 550 2702 scutum
570 2642 654 2702 annis
673 2642 704 2701 in
724 2640 844 2714 officiis,
874 2644 933 2700 tam
955 2637 1182 2718 temporalibus,
1215 2655 1302 2716 quam

199 2745 397 2824 spiritualffius
416 2746 710 2828 Archiepiscoporum
731 2746 950 2810 Coloniensium
978 2748 1163 2810 inueniuntur
1184 2742 1303 2820 fidelem

200 2857 263 2918 erat
283 2855 362 2918 enim
382 2857 471 2920 modo
489 2855 580 2919 1669.
591 2860 718 2920 loannes
739 2858 777 2919 de
796 2853 1113 2919 Francken-Siersdorl
1121 2854 1254 2916 vicarius
1274 2853 1302 2913 in

200 2961 402 3042 Spiritualibus
421 2964 582 3028 Generalis.
613 2964 750 3030 Caeteros
770 2983 896 3046 sequens
917 2967 1043 3046 assignat
1063 2963 1263 3044 epitaphium:

667 3093 702 3154 l).
725 3091 764 3154 Ο.
786 3091 829 3156 Μ.

669 3199 830 3263 Memoriae

299 3313 302 3317 '
432 3307 518 3372 Feri.
540 3310 652 3389 Eugcn.
674 3311 712 3372 de
731 3308 1069 3384 Eunonen-summit,

722 3419 773 3499 qui

559 3527 694 3590 iratribus
715 3529 776 3590 suis
797 3528 941 3606 germanis

460 3639 563 3700 loenni
584 3639 732 3709 Andreae,
753 3637 869 3698 Vicanio
889 3634 1040 3707 Generali,

742 3749 772 3806 ot

369 3854 455 3917 Petro
477 3855 621 3928 ilervioo,
643 3855 705 3935 ejus
731 3856 760 3916 in
782 3853 928 3916 Vicarintu
948 3853 1131 3930 Successori,

622 3981 756 4026 necnon
778 3967 883 4041 petruo
988 3951 994 3966 “

421 4059 508 4134 Petro
528 4071 672 4151 losepho,
694 4072 841 4150 Episcopo
863 4070 1083 4149 Antvcrpieusi,

571 4180 608 4241 ab
630 4213 669 4226 -
691 4183 794 4258 patruo
815 4181 933 4256 loanni,

568 4293 598 4352 nt
626 4323 659 4335 -
681 4293 784 4368 pntruo
805 4289 933 4353 ilenrico

689 4415 724 4457 ac
744 4395 820 4472 Sibi,
