2832 4828
209 554 304 620 lon'rr
329 555 494 622 Bedesisrn
521 556 553 622 S.
574 556 650 638 bnpi
680 559 793 624 noviter
822 563 983 639 reporrtsm
1011 557 1317 628 commentores
1397 605 1398 612 κ

203 661 314 730 iestnm
333 665 365 728 8.
384 665 558 732 &diuinos
575 667 656 747 virg.
677 672 708 734 st
728 667 825 742 biert,
846 683 879 730 so
899 668 1234 734 deindeSsersrneelnm
1246 683 1316 730 con·

204 771 378 838 iirmslionis
399 774 505 840 ibidem
526 775 685 848 contenet,
716 775 874 840 insolentes
901 777 1020 858 quidem
1040 782 1069 840 et
1089 777 1239 856 sectilem,
1269 777 1315 838 dl·

205 883 341 946 sinonem
362 887 563 960 sementeron,
592 886 622 946 in
643 886 747 948 ricinis
767 887 797 948 in
819 887 976 966 impionrm
996 885 1119 948 consilio
1138 889 1314 965 congregati,
1398 895 1399 970 j

204 1007 298 1054 noum
318 1009 355 1056 es
375 993 448 1072 ipris
469 995 544 1058 vecti
563 993 650 1058 elicui
670 997 884 1074 imposuerunt,
905 1009 996 1074 quem
1015 995 1053 1056 sd
1074 994 1314 1058 Soenmenti...

204 1101 362 1164 lodicum
383 1103 543 1166 Ecclesism
564 1102 747 1176 detulerunt,
779 1108 813 1166 et
831 1105 862 1166 in
885 1105 1047 1183 proesentis
1067 1102 1207 1182 Episcopi
1228 1103 1313 1166 illum
1399 1143 1400 1146 =

200 1213 384 1284 etstnemnt,
415 1213 580 1289 importune
608 1213 763 1285 irsstsntes,
795 1216 828 1282 ut
847 1215 988 1276 misticum
1008 1210 1105 1274 utne:
1125 1211 1312 1291 deportatum
1399 1205 1400 1218 ¹

202 1308 397 1379 confirmaret
438 1311 479 1374 nt
498 1331 569 1374 sero
590 1314 636 1376 vir
655 1313 722 1390 pins
743 1311 857 1376 etzelo
878 1313 1023 1392 religionis
1048 1311 1247 1374 inllsmmstus
1269 1313 1313 1372 in·

198 1418 306 1497 jurium
327 1435 422 1500 nequo
441 1423 540 1506 selmo
560 1423 704 1484 sustinere
725 1441 782 1484 nou
805 1426 927 1500 poteret,
949 1440 1002 1484 nec
1023 1421 1163 1496 debebat,
1184 1421 1311 1500 ideoque

200 1526 365 1606 jursmento
386 1528 625 1604 ,mansionen
658 1547 691 1592 sc
711 1529 925 1609 episcopalibus
952 1529 1147 1592 functionibus
1173 1528 1255 1593 nolle
1275 1528 1310 1590 de
1400 1563 1401 1592 ;

202 1641 318 1700 caetero
348 1656 468 1718 operum
495 1639 683 1718 impendere,
715 1639 770 1702 nisi
795 1637 876 1719 iusto
907 1638 1051 1720 supplicio
1081 1640 1111 1700 iu
1140 1635 1310 1716 hujusmodi

201 1744 357 1826 sacrilegos
379 1746 522 1809 derisores
550 1747 785 1811 rnimrdversum
805 1747 915 1810 luisset.
968 1745 1052 1810 Unde
1081 1763 1149 1808 mox
1170 1762 1262 1806 causo
1281 1746 1309 1806 in

197 1852 306 1933 judicio
334 1855 466 1934 cognite,
495 1857 557 1916 tres
578 1847 696 1917 illorum
725 1853 803 1919 ierro
834 1857 967 1918 condenti
994 1855 1025 1916 in
1045 1853 1172 1916 maxillis
1193 1853 1309 1915 fuerunt
1401 1857 1402 1884 ³

200 1966 374 2026 concremati
395 1965 425 2026 et
445 1965 558 2039 exusti,
580 1968 610 2025 et
631 1969 768 2046 quartus,
796 1965 846 2044 qui
869 1965 978 2043 primes
999 1963 1145 2042 nequitiae
1165 1967 1307 2037 tenuerat,

199 2072 293 2150 capite
315 2071 419 2151 plexus
440 2077 513 2133 est.“
538 2104 574 2117 -
607 2069 746 2151 Sepultus
767 2075 813 2136 est
840 2075 938 2134 eutem
967 2067 1133 2154 Episcopus
1152 2071 1232 2150 opud
1253 2069 1307 2132 PP.
1402 2135 1403 2144 ,

199 2179 417 2242 Prsedieotores
447 2177 604 2256 Coloniae,
635 2179 781 2262 habetque
812 2179 968 2262 sepulchro
1006 2179 1150 2260 insculpto
1187 2183 1307 2258 paterno

200 2288 319 2368 quidem
341 2289 478 2368 insignis,
498 2289 619 2365 erdem,
643 2307 718 2369 osne
738 2288 884 2369 hodieque
905 2292 1024 2352 monent
1045 2287 1244 2352 nobilissimae
1264 2285 1306 2348 ie·

201 2397 300 2458 miliae
321 2397 357 2458 de
376 2397 545 2472 Westrum,
567 2402 697 2460 meteres
718 2417 789 2460 vero
810 2397 930 2460 alterius
951 2416 1044 2478 seque
1064 2395 1170 2458 nobilis
1191 2395 1305 2474 Fridog,
1403 2465 1404 2474 ἶ

199 2507 263 2565 tum
285 2503 451 2584 hujusmodi
473 2506 710 2584 inscriptionem:
740 2507 853 2581 „Arno
880 2506 1000 2570 Domini
1026 2502 1245 2576 MCCCXCH„
1278 2503 1305 2562 in

199 2611 305 2692 Vigilin
326 2612 361 2674 Β.
382 2611 511 2688 Nicclsi,
538 2613 611 2676 obiit
630 2613 814 2678 Venerabilis
833 2613 976 2678 Dominus
997 2612 1098 2676 Frater
1118 2610 1306 2674 Eserhnrdus

198 2721 235 2783 de
256 2721 465 2796 Westerheim,
486 2723 652 2804 Episcopus
671 2724 820 2789 Ecclesiae
841 2723 1041 2814 Sebsshensis,
1062 2720 1134 2786 Ord.
1147 2718 1203 2782 FF.
1220 2718 1306 2780 Prae·

198 2830 371 2910 dicatorum.
396 2830 503 2896 Animo
523 2832 585 2912 ejus
606 2850 659 2912 per
680 2833 911 2896 misericordiam
930 2831 985 2894 Dei
1004 2829 1167 2912 requiescet
1187 2829 1217 2890 in
1237 2844 1306 2890 sen-

197 2943 243 3000 cte
264 2957 345 3020 pace.
383 2939 511 3004 Amen“

428 3131 484 3196 rx.
525 3129 788 3198 ennumnnus
816 3081 1071 3198 elnonensis.

259 3264 449 3333 Eberhardus
468 3285 510 3342 cx
526 3268 646 3347 patricio
672 3267 751 3348 opud
782 3266 872 3332 Ubios
903 3265 1011 3330 nmilia
1031 3265 1068 3328 de
1088 3261 1243 3344 bluisgen,
1275 3261 1305 3324 id

170 3396 176 3408 ’
199 3381 260 3454 est,
281 3376 484 3442 ldusculorum
504 3381 599 3458 gente,
619 3377 784 3458 Episcopus
805 3375 993 3451 Enerensis,
1024 3374 1095 3438 elios
1118 3368 1246 3446 Conon,
1269 3371 1305 3434 eb

197 3485 271 3548 urbe
291 3487 448 3566 episcopali
475 3487 530 3550 sub
551 3483 777 3564 ldehopotitonc
803 3488 834 3548 et
853 3483 1015 3549 Potrisrcbr
1038 3479 1222 3544 Antiocheno
1252 3497 1306 3542 no·

198 3595 336 3656 minatus.
385 3596 416 3658 ls
436 3613 473 3657 ex
502 3593 727 3664 Gsrmelitorum
760 3592 871 3657 Ordine
902 3596 1071 3672 esnrmptns
1097 3587 1237 3652 Friderici
1267 3589 1305 3650 de

197 3701 369 3766 Sarwerden
381 3701 792 3783 Coloniensisdrchiepiscopi
806 3701 836 3764 iu
852 3699 1068 3764 Poniifieeltbns
1082 3697 1305 3779 Sudrsgoneum

198 3813 266 3892 egit.
308 3809 388 3874 Obiit
408 3811 547 3878 Coloniae
567 3831 644 3876 enno
665 3810 757 3880 1397.
778 3811 835 3874 Xl.
856 3810 981 3876 Kalend.
1006 3808 1091 3872 Echr.

391 4004 431 4066 X.
474 3999 683 4066 conuentis
712 3998 1108 4066 VENECOMPONENSIS.

261 4135 412 4201 Conrsdus
444 4137 481 4201 de
510 4135 675 4218 Arnsberg,
704 4137 870 4218 Episcopus
901 4133 1205 4216 Venecomponensis,
1239 4135 1304 4197 sive

199 4245 440 4325 Vencoporiensis
461 4251 511 4308 out
530 4244 790 4324 Venetopolitenus
810 4247 839 4307 in
861 4243 1009 4319 Armenio,
1025 4243 1229 4324 Suffrcgsneee
1250 4243 1303 4306 Se-

198 4354 243 4415 dis
263 4353 449 4434 sergiopolis,
471 4370 547 4434 quoe
568 4352 703 4418 est-urbs
722 4351 823 4436 sune
843 4353 882 4422 sd
897 4351 1079 4436 Euphratem
1097 4351 1231 4430 durium,
1247 4353 1301 4418 sub
