2832 4828
677 327 723 398 aa

147 519 313 580 animarum
342 519 466 580 salutem
493 537 526 581 ac
557 520 707 598 spirituale
739 520 877 582 solatium
898 521 1018 582 tendere
1038 519 1252 597 dignoscuntur,

147 629 330 707 provideque
351 628 560 690 ac'salubriter
579 629 609 688 in
631 630 666 690 iis
685 629 888 706 disponamus,
911 633 997 706 prout
1018 629 1172 688 necessitas
1201 644 1253 704 po·

147 735 245 807 stulat,
256 741 293 808 et,
306 737 438 798 locorum
461 741 665 816 actempcrum
679 739 901 799 circumstantiis
922 742 1035 798 mature
1054 736 1252 806 consideratis,

148 845 288 923 expedire
308 847 405 906 visum
427 846 521 907 luerit.
571 846 672 924 Nuper
700 847 927 924 siquidem'pro
949 849 1029 923 parte
1054 825 1253 924 'plurimorum

147 950 309 1012 incolarum
344 954 408 1031 pagi
437 953 601 1018 Dercndori
629 955 812 1034 aliorumque
842 955 878 1014 de
911 951 1049 1014 Parocbia
1078 949 1254 1012 Dusseldor-

148 1060 244 1136 piensi
266 1064 333 1120 ante
354 1062 500 1122 civitatem
521 1064 688 1142 degentium
710 1062 860 1124 humiliter
880 1062 1045 1138 expositum
1066 1057 1138 1134 luit,
1175 1059 1255 1137 quod

148 1170 203 1228 etsi
225 1168 261 1229 ab
290 1171 495 1232 immemoriali
522 1177 656 1250 tempore
684 1191 778 1251 usque
812 1171 869 1232 huc
895 1171 1146 1250 frequentaverint¹
1172 1185 1256 1246 paro·

148 1275 273 1337 cbialem
295 1277 455 1339 Ecclesiam
477 1281 599 1342 civitatis
626 1280 904 1358 Dusseldorpiensis,
923 1277 1033 1359 jusque
1052 1277 1206 1338 habuerint
1227 1279 1256 1336 et

149 1385 245 1446 adbuc
265 1385 390 1448 habeant
410 1387 441 1447 in
471 1389 573 1449 eadem
595 1389 691 1452 divina
720 1389 813 1450 oiiicia
834 1387 968 1449 audiendi
990 1393 1019 1447 ei
1040 1387 1076 1446 ab
1098 1384 1177 1446 illius
1199 1385 1256 1444 Re·

150 1499 229 1556 ctore
252 1497 350 1556 omnia
363 1515 365 1520 ·
378 1495 562 1557 Sacramenta
588 1499 704 1576 petendi
725 1502 755 1558 et
775 1498 970 1576 suscipiendi,
1002 1513 1059 1556 non
1081 1495 1120 1555 ita
1141 1493 1256 1571 pridem

149 1606 247 1662 tamen
277 1603 492 1665 considerantes
519 1621 602 1666 auam
629 1607 742 1666 adicta
769 1606 924 1684 parochiali
947 1603 1197 1682 Dusseldorpiensi
1219 1583 1256 1660 ad

149 1709 253 1770 boram
274 1715 302 1771 et
322 1711 398 1772 ultra
420 1711 584 1774 distantiam
606 1717 635 1774 et
655 1713 811 1776 Parochiae
832 1715 1072 1793 amplitudinem,
1093 1709 1256 1788 exindeque

150 1825 179 1880 et
200 1821 239 1880 ob
260 1819 374 1882 clausas
394 1821 516 1882 subinde
537 1824 660 1886 civitatis
682 1828 789 1900 portas,
811 1823 859 1884 rel
872 1825 1025 1902 ingruente
1036 1823 1256 1896 nonnumquam

149 1928 246 1990 subita
267 1931 438 1991 necessitate
469 1931 516 1994 vel
544 1931 742 2010 aegritudine,
765 1933 893 1993 diversos
914 1932 976 1993 sine
1005 1928 1199 1992 sacramentis
1220 1943 1256 1987 ex

150 2037 205 2098 hac
226 2041 285 2100 vita
307 2039 485 2116 decessisse,
517 2039 634 2118 aliaque
655 2041 752 2118 gravia
773 2043 935 2101 animarum
965 2037 1094 2116 pericula
1114 2037 1257 2096 intercur-

149 2165 224 2218 rere,
246 2165 285 2208 ax
306 2147 428 2209 dirersis
456 2147 586 2210 collectis
615 2149 643 2208 in
666 2149 742 2210 dicto
776 2165 849 2227 pago
880 2146 1043 2209 Derendori
1072 2145 1258 2206 fundamenta

149 2273 244 2318 novae
265 2247 419 2317 Ecclesiae
444 2273 538 2333 nuper
567 2257 736 2335 posuerint;
770 2257 935 2318 Reverendi
957 2273 1027 2315 vero
1048 2251 1132 2314 nobis
1154 2253 1258 2312 devote

149 2361 248 2423 dilecti
269 2363 396 2424 loannes
408 2362 571 2424 ·Bartoldus
592 2363 707 2443 Weyer
728 2367 757 2424 et
779 2363 922 2426 Henricus
943 2361 1092 2424 hruoldus
1112 2360 1257 2435 Sommer,

148 2471 180 2532 S.
203 2469 379 2549 Collegiatae
414 2471 562 2533 Ecclesiae
594 2471 628 2532 B.
660 2473 702 2534 M.
733 2471 768 2533 V.
797 2470 1068 2549 Dusseldorpiensis
1096 2469 1258 2545 respective

150 2577 364 2653 Scholasticus,
392 2577 602 2642 Thesaurarius
623 2585 653 2640 et
686 2577 823 2641 Canonici
843 2577 1040 2656 Capituiares,
1071 2577 1107 2637 ad
1131 2575 1258 2648 laudem,

151 2685 273 2764 gloriam
292 2691 322 2746 et
338 2685 491 2748 honorem
502 2687 625 2749 Sanctae
641 2692 670 2748 el
688 2687 852 2748 individuae
870 2687 1025 2759 Trinitatis,
1041 2703 1095 2745 neo
1115 2701 1173 2744 non
1194 2681 1259 2742 cul-

151 2800 215 2856 tum
243 2797 273 2853 et
289 2795 481 2855 reverentiam
506 2794 538 2854 Β.
557 2795 599 2857 Μ.
622 2795 659 2856 V.
677 2799 705 2855 et
719 2795 890 2857 Sanctorum
908 2792 1115 2872 Apostolorum
1134 2789 1213 2850 Petri
1230 2792 1260 2850 et

151 2899 244 2974 Pauli,
263 2899 407 2962 Barbarae
422 2901 562 2981 Martyris
582 2906 612 2962 et
632 2901 768 2980 Virginis,
792 2907 821 2963 et
836 2902 932 2964 Sancti
951 2899 1082 2972 Xaverii,
1106 2898 1260 2976 agonizan-
1283 2980 1292 2985 ἱ

151 3011 226 3068 tium
245 3005 447 3083 Patronorum,
464 3027 643 3088 suorumque
666 3014 696 3070 et
717 3015 871 3087 parentum
891 3025 1011 3071 sucrum
1035 3011 1065 3070 et
1080 3004 1259 3084 ¹consangui-

153 3133 295 3190 neorum,
311 3117 472 3178 amicorum
492 3121 521 3177 et
536 3117 766 3192 benefactorum,
785 3121 976 3196 omniumque
998 3115 1107 3177 Christi
1128 3112 1260 3174 fidelium

153 3223 278 3284 salutern
296 3228 410 3286 terrena
434 3226 463 3284 in
490 3223 633 3300 coelestia,
653 3230 683 3286 et
700 3227 863 3286 transitoria
886 3227 915 3286 in
942 3225 1060 3284 aetarna
1080 3220 1156 3281 felici
1178 3237 1259 3280 com·

153 3333 265 3394 marcio
282 3337 462 3393 commutare
481 3332 630 3404 volentes,
654 3333 776 3394 eandem
797 3332 957 3394 Ecclesiam
982 3335 1041 3390 tarn
1061 3347 1097 3389 ex
1122 3327 1260 3406 propriis,
1295 3363 1298 3370 ι

154 3457 244 3519 quam
261 3441 383 3501 diversis
401 3439 642 3517 parochianorum
657 3443 844 3503 externorum
861 3439 988 3502 collectis
1002 3441 1031 3498 et
1044 3435 1260 3498 benefactorum

154 3549 260 3609 mediis
278 3546 484 3625 perficiendam
497 3549 687 3627 susceperint,
705 3553 791 3627 atqua
806 3547 978 3610 beneficium
1003 3550 1178 3626 perpetuum
1191 3561 1260 3605 curn

143 3674 224 3732 ,cura
255 3656 424 3717 animarum·
441 3653 682 3734 parochianorum
711 3655 1014 3733 Dusseldorpiensium
1044 3657 1074 3714 in
1110 3653 1261 3715 antedictis

155 3765 238 3843 pagis
260 3767 289 3824 et
311 3762 379 3823 alibi
405 3767 486 3824 extra
508 3766 623 3826 moenia
653 3765 776 3826 civitatis
802 3765 983 3842 degentium,
1008 3780 1064 3824 nec
1090 3779 1147 3823 non
1174 3763 1262 3822 o'nera

155 3874 246 3933 trium
265 3869 425 3932 Missarum
449 3870 578 3948 qualibet
603 3871 783 3932 hebdomada
805 3873 835 3932 in
862 3871 1005 3932 antedicta
1032 3887 1106 3932 nova
1130 3867 1262 3930 Ecclesia

157 3982 303 4060 perpetuo
323 3977 561 4040 celebrandarum
571 3959 770 4053 laudaverint,
794 3983 882 4057 atque
894 3980 923 4039 in
940 3980 1037 4040 dotem
1055 3995 1107 4038 seu
1125 3993 1179 4052 pro
1194 3975 1261 4036 dote

157 4089 236 4150 illius
254 4105 308 4148 seu
328 4085 392 4164 ejus
416 4087 556 4160 Rectoris,
581 4091 697 4165 praeter
713 4086 851 4148 nonnulla
878 4088 934 4147 alia
957 4085 1075 4146 aliunde
1097 4083 1263 4144 accedentia

158 4196 365 4266 emolumenta,
385 4197 478 4254 sortes
501 4193 638 4272 capitales
658 4195 739 4255 mille
758 4199 962 4257 sexcentorum
983 4191 1187 4272 imperialium,
1208 4208 1263 4252 seu

159 4305 264 4370 exinde
290 4302 464 4366 resultantes
488 4303 610 4365 annuos·
623 4301 673 4364 60.
693 4302 888 4382 imperialium
907 4301 1018 4364 reditus
1044 4317 1078 4364 ac
1104 4302 1263 4380 proventus
