2832 4828
653 299 701 376 39

120 501 226 564 Exstat
246 501 322 562 inter
342 502 531 561 monumenta
547 494 992 576 AbbrtisWedinghusaniOrd.
1014 494 1230 558 Preemonstra·
1314 523 1318 528 ·

122 613 199 670 tens.
221 627 314 688 prope
334 607 539 687 Arnsbergam.
580 604 654 680 Quis
674 609 774 668 autem
796 608 850 668 iste
871 605 904 668 F.
925 604 1124 668 Theodoriana
1144 605 1230 668 Viro-

122 718 221 778 densis
241 716 337 791 luerit,
359 716 520 796 conjectare
542 733 599 778 non
620 715 724 778 audeo.
759 715 839 776 lnter
859 711 1231 794 Episcoposfiermmicos

121 826 205 888 solus
226 826 377 888 Citizensis
398 845 434 888 eo
455 830 588 903 tenpore
609 823 665 886 hoc
686 838 792 886 nomen
813 822 877 885 lert.
918 822 979 884 Nec
1000 822 1135 884 norimus
1158 820 1231 898 Epi·

122 937 275 1011 scopatum
297 933 490 994 Virodensem
511 933 541 992 in
562 933 623 994 tota
642 933 742 992 notitia
762 929 983 1003 Ecclesiastico,
1013 947 1081 992 eum
1103 929 1140 990 de
1160 929 1232 1006 Epi·

124 1041 292 1122 scopatibus
301 1041 443 1103 Verdensi
459 1045 510 1102 aut
519 1039 713 1102 virodunensi
728 1039 905 1118 hiocogitare
923 1057 981 1102 noo
993 1036 1086 1100 liceat.
1108 1037 1232 1118 Scriptio

122 1149 172 1212 vel
194 1153 342 1227 corrupta,
369 1148 416 1211 vel
438 1147 602 1210 abbreviata
624 1150 677 1219 sit,
699 1151 814 1226 oportet
828 1147 862 1225 ¹).
919 1157 923 1163 '
1017 1159 1020 1166 ’

188 1259 258 1320 Post
276 1258 363 1332 hune,
385 1257 478 1318 adhuc
500 1256 554 1318 sub
565 1254 699 1318 Conrado
711 1255 947 1336 Archiepiseopo,
965 1256 1140 1319 offendimus
1151 1254 1233 1318 Heu-

123 1371 236 1440 ticum,
265 1367 443 1446 Episcopum
466 1365 658 1438 Osiliensem‚
688 1366 727 1426 ita
749 1385 784 1426 ex
805 1366 898 1427 insula
921 1353 1029 1441 ¹0silia,
1050 1370 1080 1427 in
1103 1365 1233 1444 partibus

124 1477 275 1551 Livoniae,
296 1475 350 1536 sub
372 1474 754 1553 Archiepiscopatultigensi
777 1476 967 1550 nominatum,
990 1474 1232 1538 exOrdineFFr.

64 1582 71 1596 '
124 1586 372 1648 Praedicatorum.
409 1581 511 1644 Exstat
532 1581 569 1644 de
590 1601 626 1643 eo
647 1585 676 1644 in
698 1588 797 1644 monte
818 1582 967 1645 Calvariae
988 1587 1052 1664 pagi
1073 1585 1233 1662 Wingard·

124 1699 185 1766 teu,
212 1695 289 1754 inter
318 1691 528 1754 Monastorium
560 1691 661 1752 Eilliae
693 1696 722 1753 et
751 1692 935 1754 Euslirchen
957 1695 1022 1766 siti,
1053 1692 1154 1754 Altare'
1181 1711 1235 1771 per

125 1805 223 1882 ipsum
245 1805 445 1864 consecratum
467 1802 530 1877 ipso
552 1801 599 1860 die
621 1799 801 1879 Epiphaniae
823 1800 949 1874 Domini,
972 1821 1038 1862 ann.
1058 1800 1233 1876 Mecum,

125 1911 179 1972 Vl.
199 1911 336 1984 ianuarii,
357 1912 387 1970 in
408 1908 549 1970 honorem
565 1908 730 1970 salvatoris.
763 1908 808 1968 De
829 1896 933 1971 eodem
952 1909 1076 1988 legimus
1098 1907 1235 1973 inClrro·

126 2019 192 2079 nico
206 2014 397 2098 Mindensi²),
419 2018 497 2095 quod
520 2034 595 2078 anno
617 2017 732 2078 Domini
742 2015 888 2079 MCCLX.
911 2036 968 2078 una
987 2037 1055 2079 cum
1065 2017 1233 2080 Witikindo

126 2125 165 2186 de
187 2125 276 2202 lloJ'a,
299 2125 447 2201 Episcopo
468 2123 629 2197 Mindensi‚
653 2129 682 2186 et
703 2122 854 2187 Gerhardo
876 2125 914 2186 de
933 2123 1026 2204 Hoja,
1052 2125 1139 2188 tratre
1162 2125 1235 2204 ejus,

125 2233 270 2296 verdensi
290 2234 455 2310 Episcopo,
483 2232 646 2314 Ecclesiam
677 2231 908 2296 Praedicatorum
930 2236 959 2294 in
980 2234 1100 2296 Mindon
1122 2235 1236 2296 noviter

125 2345 321 2402 constructam
342 2359 409 2402 cum
429 2359 530 2418 magna
548 2340 732 2402 solemnitate
751 2341 899 2402 dedicarit.
920 2341 1019 2428 Fuerit
1035 2359 1106 2404 sane
1124 2359 1160 2401 ex
1171 2341 1236 2420 ipso

125 2454 178 2510 aut
198 2448 257 2510 alio
275 2447 478 2526 Westphaliae
496 2449 764 2526 conventuprimus
784 2447 972 2509 Osiliensium
993 2448 1158 2526 Episcopus
1167 2465 1234 2526 pro·

125 2561 235 2630 motus,
258 2559 491 2636 quandoquidem
510 2556 619 2634 aliquot
640 2555 763 2616 saeculis
785 2556 992 2617 Livonicarum
1014 2555 1135 2618 Sedium
1147 2553 1234 2618 Prae·

125 2665 178 2726 lati
199 2683 236 2724 ex
257 2683 291 2724 ea
312 2669 396 2744 gente
417 2667 559 2743 assumpti
580 2665 670 2724 luisse
691 2669 860 2724 noscuntur.
970 2671 972 2678 '

191 2771 328 2834 Coloniae
349 2777 447 2834 autem
469 2773 572 2833 eodem
594 2767 737 2850 tempore,
758 2777 790 2832 ut
811 2771 937 2834 Annales
956 2771 1039 2834 MSS.
1051 2771 1234 2834 Franciscam'

126 2883 279 2954 testantur,
302 2881 399 2941 lloruit
419 2880 563 2942 Henrieus
576 2879 737 2952 Curiensis,
752 2878 858 2942 Comes
880 2881 916 2942 de
934 2879 1109 2952 Montelorti
1131 2882 1161 2940 in
1182 2898 1234 2940 or·

127 2990 197 3050 dine
219 2989 289 3050 FFr.
303 2987 534 3050 Praedicatorum
552 2986 716 3066 religiosam
734 2989 822 3048 uitam
836 2987 984 3065 protessus
1004 2991 1033 3048 et
1054 3006 1130 3052 anno
1141 2985 1232 3050 lael.

9 3107 11 3114 '
127 3098 280 3160 Curiensis
305 3097 469 3174 Episcopus
491 3093 610 3169 electus,
632 3095 733 3173 quiin
755 3093 908 3168 schismate
928 3095 1047 3173 Imperii
1078 3095 1233 3171 Richards,

127 3204 295 3267 Cornubiae
316 3205 443 3282 Principi
463 3202 594 3280 Augilas,
615 3203 753 3264 adhaesit.
774 3202 830 3264 llic
846 3221 920 3266 anuo
928 3203 1074 3266 MCCLX.
1095 3203 1233 3266 Coloniae

128 3314 272 3375 dedicavit
289 3313 430 3390 insignem
448 3309 609 3372 Ecclesiam
617 3308 751 3370 Fratrum
773 3309 932 3383 Eleorum,
954 3313 983 3370 in
1006 3328 1069 3392 qua·
1084 3311 1234 3374 multino-

126 3422 202 3484 biles
231 3421 412 3499 sepulturam
444 3418 594 3496 elegerunt
627 3423 656 3501 et
682 3436 735 3479 sua
765 3417 936 3479 liberalitate
964 3431 1074 3480 sacram
1101 3419 1233 3498 ejusdem

126 3529 362 3608 suppellectilem
383 3527 569 3590 adauxerunt.
592 3527 669 3588 Eum
692 3543 746 3604 per
763 3525 860 3604 plures
878 3543 969 3588 annos
988 3525 1232 3608 (adaun1270.)

128 3636 287 3718 episcopali
305 3637 519 3698 consecratione
539 3637 677 3707 auulsas,
699 3633 802 3694 exinde
824 3633 959 3713 colligere
981 3634 1044 3696 vult
1064 3633 1141 3696 (ilar.
1161 3637 1234 3698 Am·

126 3749 207 3810 bros.
238 3743 403 3817 Eichlrorn,
432 3742 587 3823 Presbyter
607 3761 625 3804 e
652 3741 879 3822 congregatione
909 3742 939 3804 S.
961 3741 1055 3820 Galli,
1076 3744 1107 3804 in
1128 3761 1233 3823 operer

76 3941 78 3948 ’
166 3929 192 3992 1)
211 3901 282 3978 Inter
307 3928 488 3988 suffraganeos
513 3925 680 3988 moguntinos
712 3924 781 3976 idem
804 3924 953 3976 nominatur
977 3926 1151 3980 Theodericum
1169 3925 1233 3990 Ept-

218 4027 313 4078 acopos
334 4013 495 4068 tironensis.
530 4015 651 4065 Fortasse
672 4013 861 4070 Verromnrte,
886 4023 952 4074 quae
970 4010 1061 4062 civitas
1079 4011 1234 4075 episcopalis

221 4101 321 4152 eratin
340 4099 429 4152 Africa
447 4099 631 4163 proconsulari.
667 4099 738 4150 Conl.
758 4098 876 4151 Marcelli
893 4097 982 4147 Attica
1000 4095 1139 4148 Christian.
1158 4095 1233 4151 Tem.

219 4188 241 4237 l.
259 4201 315 4251 pag.
335 4185 396 4239 351.
416 4213 447 4224 -
467 4187 532 4237 Erat
550 4191 637 4239 autem
655 4185 831 4240 Theudoricus
850 4197 881 4238 ex
898 4183 1074 4238 ordinarer.
1091 4183 1233 4239 Minorem»

166 4275 194 4339 2)
214 4276 254 4327 Er
272 4273 383 4326 editione
400 4273 511 4326 Paulini
528 4287 554 4340 p.
572 4273 616 4326 28.
