2832 4828
685 341 734 416 13

156 540 281 605 fortusse
299 543 420 623 quilibet
438 541 681 622 Archtepiscopus
701 539 834 604 stabilem
854 539 1075 620 suffraganeum
1094 540 1263 622 assumpsit.

157 651 262 731 ltaque
279 653 308 713 in
325 650 492 714 Coloniensi
510 649 726 712 Archidioecesi
746 655 809 712 erat
875 727 877 732 ,

308 845 332 906 l.
366 840 622 917 HERMANNUS,
642 839 852 904 EPlSCOPUS
874 839 1113 938 SAldBlENSlS.

172 1003 182 1038 π
219 975 344 1050 Proseis,
365 979 439 1038 circa
463 995 528 1038 ann.
548 973 642 1036 1235.
663 977 698 1038 ad
722 973 809 1036 fidem
830 974 1000 1036 catholicam
1022 975 1179 1048 conversis,
1203 977 1262 1052 pri-

155 1103 225 1146 mus
242 1081 400 1162 Gregorius
412 1085 466 1146 1x.
483 1082 560 1162 Papa
575 1085 654 1146 dedit
666 1083 827 1161 Episcopos
842 1101 878 1144 ex
893 1082 1006 1144 Ordine
1019 1083 1262 1159 Praedicatorum,

23 1179 28 1186 ’
155 1193 193 1254 ad
216 1191 405 1271 quemtinern
432 1191 511 1254 misit
527 1191 733 1266 wilhelmum,
751 1191 931 1270 Episcopum
954 1189 1160 1264 Mutinensem,
1185 1196 1260 1252 tam·
1317 1263 1319 1267 ⁸

148 1308 245 1378 'quarn
267 1299 451 1378 Apostolicae
477 1299 555 1362 sedis
581 1299 730 1378 Legatum.
773 1300 874 1361 Serius
901 1303 998 1360 tamen
1030 1299 1260 1376 praedicantibus

153 1406 305 1470 Fratribus
324 1428 359 1469 ex
381 1408 492 1470 Ordine
509 1409 666 1481 Minorum,
689 1410 777 1487 idque
792 1399 913 1486 urgente
932 1405 1083 1480 Ottokaro,
1103 1406 1260 1470 Bohemiae

153 1517 245 1596 Rege,
263 1518 386 1578 eandem
405 1515 492 1578 fidem
503 1517 630 1594 amplexi
649 1520 717 1576 sunt
734 1516 919 1576 Sambienses
937 1518 998 1576 sive
1015 1514 1114 1592 populi
1136 1517 1164 1576 in
1181 1516 1261 1578 Sam·

153 1627 259 1699 lendin,
276 1630 305 1686 et
326 1627 393 1687 licet
411 1625 499 1687 modo
517 1643 594 1686 anno
610 1622 700 1684 1250.
725 1625 889 1686 nominatus
907 1627 968 1684 erat
984 1625 1094 1702 primus
1109 1623 1260 1686 Samlrien·

152 1735 232 1796 sium
248 1733 420 1812 Episcopus,
442 1753 477 1795 eo
495 1738 590 1794 tamen
608 1751 684 1794 anno
703 1733 832 1794 nondum
850 1737 910 1794 tota
931 1751 1069 1794 conversa
1090 1738 1152 1793 erat
1168 1737 1258 1812 regio,

152 1859 209 1902 nec
226 1841 388 1920 Episcopus
415 1840 502 1906 finam
528 1840 634 1901 habers
656 1843 750 1918 potuit
771 1842 799 1899 in
820 1840 893 1902 urbe
919 1841 1042 1917 quadam
1063 1842 1258 1904 residentiam.

153 1949 297 2012 Novimus
320 1951 398 2010 enim
418 1949 604 2010 Sambienses
630 1946 810 2008 Christianos
834 1949 972 2008 continuo
996 1966 1013 2007 a
1039 1948 1189 2024 Barbaria,
1222 1951 1258 2018 ab

153 2056 302 2119 Ottokaro
319 2057 387 2119 licet
405 2059 522 2136 saepius
544 2055 655 2134 pulsis,
678 2056 879 2118 crudelissime
898 2055 987 2118 luisse
1005 2057 1153 2124 divexatos
1161 2055 1195 2142 ¹).

215 2164 332 2226 Primus
359 2184 462 2228 corum
485 2166 653 2244 Episcopus
675 2170 737 2226 erat
763 2165 809 2226 Fr.
829 2166 956 2226 loannes
974 2166 1011 2226 dc
1027 2165 1123 2237 Diest,
1146 2185 1181 2228 ex
1201 2167 1258 2228 Or-

150 2274 221 2336 dine
243 2273 499 2348 Fortunarum,
526 2275 555 2332 in
584 2271 737 2334 Brabantia
763 2273 920 2346 oriundus,
950 2275 996 2334 vir
1017 2274 1201 2336 doctissimus
1228 2281 1258 2338 et

149 2379 422 2461 eloquentissimus,
462 2384 511 2461 qui
550 2399 625 2442 anno
664 2379 754 2442 rasa.
784 2382 823 2440 ad
855 2381 1022 2458 petitionem
1051 2383 1136 2442 Rom.
1168 2383 1255 2461 Regis

148 2491 322 2564 wilhelmi,
344 2491 426 2570 cujus
448 2489 502 2552 luit
522 2488 697 2568 Capelianus
719 2495 748 2550 et
763 2489 959 2564 Consiliarius,
981 2508 1035 2568 per
1057 2492 1257 2553 Innocentium

150 2599 263 2677 Papam
295 2599 345 2660 IV.
380 2617 397 2660 a
429 2598 590 2662 Sambiensi
621 2599 658 2660 ad
684 2597 883 2660 Lubccensem
912 2598 1073 2660 Ecclesiam
1101 2601 1256 2664 translatus

151 2707 272 2796 cst²).⁸

217 2818 250 2878 ln
277 2817 340 2895 ejus
369 2816 466 2878 locum
493 2816 630 2877 suffectus
657 2819 701 2876 cst
724 2815 870 2878 Henricus
892 2816 928 2876 de
949 2813 1110 2894 Strittberg,
1133 2817 1252 2880 Ordinis

150 2925 320 2997 Teutonici,
354 2924 516 2987 Canonicus
543 2923 739 2998 Briinnensis,
777 2925 884 2986 Comes
913 2928 943 2984 et
967 2921 1142 3002 Capellanus
1166 2925 1255 3005 Regis

149 3031 287 3094 Ottokari
314 3035 343 3092 in
366 3033 549 3110 expeditione
580 3032 757 3107 Sambiensi,
786 3036 837 3111 qui
861 3037 962 3111 postea
991 3033 1026 3094 ad
1060 3033 1181 3111 patriam
1210 3051 1257 3096 re·

152 3141 252 3213 diens,
282 3140 423 3203 Thorunii
450 3140 627 3220 plerumque
656 3159 855 3216 commorans,
877 3158 953 3202 novo
973 3143 1053 3220 gregi
1074 3161 1128 3204 suo
1149 3161 1255 3220 parum

150 3249 331 3329 providebat,
352 3252 392 3310 ita
413 3254 446 3312 ut
467 3251 511 3310 de*
525 3251 586 3327 ejm
602 3250 778 3329 Episcopatu
793 3253 842 3311 vix
854 3251 1013 3328 quidquam
1033 3252 1071 3310 sit
1081 3251 1212 3311 auditum
1222 3250 1255 3328 ³).

213 3355 327 3418 Interea
345 3359 460 3433 nescio,
489 3377 506 3420 a
527 3351 587 3438 quo
608 3360 756 3420 ordinatus
777 3363 821 3420 est
838 3357 1049 3432 Sambiensium
1066 3360 1167 3418 tertius
1185 3358 1256 3436 Epi·

149 3482 258 3544 scopus
267 3465 461 3538 Hermannus‚
483 3469 532 3546 qui
553 3485 628 3528 anno
652 3465 742 3528 taut.
765 3468 885 3528 audiens
908 3465 1026 3526 Henrici
1049 3483 1138 3544 supra
1160 3470 1255 3529 nomi-

148 3576 209 3634 nati
231 3575 359 3649 obitum,
388 3577 666 3638 administrationem
695 3589 767 3636 suae
787 3575 934 3640 Dioccesis
954 3574 1104 3653 suscipere
1125 3576 1255 3638 intende·

186 3749 212 3811 1)
232 3749 303 3801 cont.
322 3753 459 3816 liaprrotdr'
476 3748 569 3804 Annal.
588 3751 679 3803 cocles.
700 3750 733 3802 ad
752 3764 811 3802 ann.
836 3745 914 3800 1255.
940 3749 972 3802 N.
990 3745 1033 3800 61.
1053 3755 1079 3802 et
1098 3765 1127 3802 er
1143 3750 1254 3802 novissi-

242 3847 293 3896 mis
315 3848 416 3898 Joorm.
441 3848 526 3912 Voipt,
553 3847 699 3898 Handbuch
726 3846 771 3898 der
800 3845 955 3898 Gcsclrichte
982 3845 1127 3898 Prcussens
1155 3848 1176 3897 Ι.
1204 3847 1253 3898 Bd.

238 3939 264 3990 S.
283 3940 344 3991 188.

182 4031 209 4096 2)
229 4034 347 4086 chronic.
364 4035 507 4088 Lubocens.
535 4035 603 4101 apud
623 4035 746 4090 Mettom.
766 4035 890 4100 scriptor.
910 4037 1030 4088 German.
1051 4036 1124 4086 Tom.
1143 4037 1176 4086 11.
1195 4049 1253 4102 pag.

149 4199 153 4204 Ι
236 4125 297 4183 397.
321 4155 353 4168 -
380 4131 499 4188 Krantr,
527 4129 585 4182 libr.
604 4131 677 4183 vt11.
695 4131 832 4194 Metropol.
851 4144 906 4194 cap.
925 4132 966 4182 17.
983 4155 1016 4168 -
1037 4132 1179 4196 Woddtnp,
1196 4131 1253 4183 An·

235 4225 287 4276 nal.
306 4225 368 4280 ord.
387 4227 453 4278 Min.
471 4231 544 4280 'loun
564 4227 599 4277 ll.
618 4225 651 4278 ad
670 4238 730 4278 ann.
749 4225 826 4280 125³.
844 4230 877 4282 N·
898 4225 940 4278 55.

184 4320 209 4384 3)
229 4320 289 4377 Vld.
309 4321 352 4374 cit.
376 4322 450 4388 Volat
466 4333 523 4386 pop.
542 4321 603 4374 187.
