2832 4828
709 325 756 398 58

177 519 320 600 sepultus,
341 519 426 600 cujus
445 523 607 600 animaper
628 521 789 600 piissimam
804 521 859 584 Dei
873 521 1101 586 misericordiam
1121 521 1290 604 requiescat

177 629 327 692 insaucia
348 647 429 710 pace.
470 627 601 692 Amen.‘¹
674 669 683 682 ·

378 820 435 882 XI.
478 821 722 886 WlLllELblUS
748 820 1085 888 ALBlCASTllENSlS.

243 953 311 1016 Post
333 954 443 1016 obitum
475 954 599 1018 Conradi
630 957 727 1018 statim
759 959 788 1018 in
818 957 1038 1038 Suliraganeum
1067 955 1292 1020 aTheodorico

181 1063 409 1142 Archiapiscopo
431 1063 540 1126 alectus
561 1069 607 1126 est
627 1065 824 1140 Wilbelmus,
853 1069 969 1142 nescio,
1003 1067 1085 1146 cujus
1105 1069 1224 1146 poneris
1244 1065 1294 1127 nel
1400 1133 1401 1136 Ἴ

182 1171 318 1246 Ordinis,
347 1177 377 1234 et
398 1173 546 1241 ordinatus
573 1175 738 1252 Episcopus
767 1176 989 1238 Albicastrensir
1015 1175 1181 1251 Ecclesiae,
1216 1191 1295 1254 quae

183 1284 245 1340 erat
266 1281 295 1340 in
318 1283 465 1357 provincia
494 1281 642 1361 Byzacena
672 1281 795 1348 Africae.
853 1284 898 1345 De
927 1303 962 1347 co
990 1283 1132 1351 habemus
1163 1301 1295 1363 sequens

183 1395 423 1465 monumentum,
445 1390 590 1452 sufficiens
612 1391 647 1452 ad
670 1392 928 1454 demonstrandum
949 1393 1013 1472 ejus
1034 1391 1296 1454 inPoutificalibus

185 1499 378 1561 vicariatum:
401 1499 482 1572 „Nos
503 1498 693 1572 wilhelmus,
719 1500 773 1562 Dei
797 1502 886 1580 gratia
911 1502 1076 1579 Episcopus
1097 1501 1297 1562 Albicastren-

118 1621 121 1628 ·
184 1608 234 1682 sis,
257 1607 421 1668 Reverend.
443 1609 473 1667 in
495 1607 611 1670 Christo
632 1607 725 1670 Patris
745 1627 778 1670 ac
799 1610 914 1672 Domini
936 1611 970 1672 D.
984 1605 1167 1680 Theodorioi,
1189 1609 1297 1670 Archi·
1400 1657 1401 1662 1

185 1717 313 1795 episcopi
336 1714 531 1791 Coloniensis,
554 1737 608 1796 per
628 1719 773 1780 civilatem
795 1737 829 1780 ao
852 1695 1057 1782 Dioecesin'in
1077 1715 1297 1780 Pontificalibus
1400 1765 1401 1788 ,

186 1826 319 1886 Vicarius
341 1823 501 1899 Generalis,
523 1825 722 1902 praesentibus
744 1831 947 1904 protestamur,
970 1828 1047 1906 quod
1079 1845 1155 1888 anno
1175 1825 1297 1886 Domini
1400 1851 1401 1892 1

188 1931 424 1996 blCCCCXXX.
447 1937 565 2011 quarto,
587 1936 649 2011 ipsa
665 1935 713 1994 die
739 1933 905 2009 Dominica,
938 1953 993 2014 qua
1021 1939 1169 1996 cantatur:
1200 1933 1298 2009 Quasi
1400 1915 1401 1962 3

186 2043 269 2102 modo
291 2040 388 2119 panici,
410 2057 486 2118 quae
507 2040 561 2102 luit
581 2045 684 2120 quarta
705 2045 814 2104 mensis
835 2042 944 2121 Aprilis
959 2040 994 2126 ¹),
1017 2044 1046 2103 in
1068 2045 1156 2105 domo
1177 2041 1298 2104 Domini
1400 2033 1401 2068 r

188 2149 307 2210 Plebani
327 2151 357 2210 in
378 2147 490 2224 Hulse,
512 2149 582 2212 dum
603 2150 765 2212 Ecclesiam
786 2153 1039 2226 consecravimus,
1061 2150 1195 2213 Conrado
1218 2147 1300 2210 Deek

189 2260 315 2338 primam
336 2261 486 2320 tonsuram
506 2257 669 2320 clericalem
691 2259 883 2333 contulimus,
907 2263 1081 2338 cooperante
1102 2259 1186 2322 nobis
1206 2259 1300 2338 gratia
1400 2245 1401 2316 ἶ

190 2365 314 2443 Spiritus
336 2365 529 2442 septiformis,
558 2366 692 2428 dantibus
721 2367 816 2428 eidem
844 2370 1027 2446 praesentem
1049 2367 1175 2428 litteram
1197 2364 1301 2444 Sigillo

191 2477 292 2534 nostro
311 2474 453 2533 munitam
474 2473 504 2532 iu
527 2475 723 2536 testimonium
751 2485 841 2553 super
869 2470 905 2536 eo
926 2474 1043 2548 datum,
1073 2491 1150 2536 anno
1170 2471 1300 2546 Domini,

191 2583 239 2645 die
258 2585 288 2645 et
309 2581 384 2656 loco,
406 2580 512 2660 quibus
533 2598 628 2661 supra.
636 2586 655 2615 “
709 2581 790 2644 Obiit
809 2581 997 2662 probabiliter
1023 2581 1070 2646 vel
1098 2585 1226 2644 exeunte
1246 2581 1303 2644 boc

191 2711 284 2768 anno,
306 2692 353 2754 vel
375 2693 493 2754 ineunte
513 2693 655 2771 sequenti.
796 2687 801 2697 '

392 2885 464 2946 Xll.
502 2881 681 2944 JOANNES
703 2880 1099 2946 VENECOMPONENSIS.

256 3015 550 3089 loannesSobleeter,
572 3015 789 3086 Trcmoniensis
809 3035 845 3078 ex
867 3015 978 3078 Ordine
993 3016 1127 3078 Fratrum
1139 3015 1301 3090 Diuorum,

195 3127 413 3192 aTheodorico
434 3125 671 3204 Arobiepiscopo,
693 3129 726 3186 ut
747 3124 873 3187 Annales
894 3125 1000 3187 habent
1012 3125 1206 3189 Novesienses
1216 3124 1253 3207 ²),
1272 3133 1304 3189 ut

194 3238 399 3317 Sullraganeus
419 3237 601 3309 constitutus,
622 3235 801 3294 consecravit
821 3252 897 3295 anno
916 3231 1179 3296 blCCCCXXXV.
1201 3238 1232 3296 in
1255 3236 1303 3298 die

194 3347 224 3409 S.
247 3343 389 3407 Gereonio
409 3343 570 3406 Ecclesiam
593 3340 730 3419 Corporis
752 3339 859 3402 Christi
880 3344 910 3402 et
931 3338 1155 3404 Coemeterium.
1183 3342 1229 3404 De
1247 3343 1304 3406 hoc

196 3450 319 3534 quoque
335 3452 517 3532 Cratepolius
539 3453 568 3512 in
589 3449 769 3512 Theodorico
791 3449 827 3509 de
843 3448 944 3518 bliirsa
964 3447 1036 3510 haec
1057 3453 1153 3512 notat:
1175 3449 1305 3525 „Habuit

195 3561 392 3622 Theodoricus
413 3559 631 3638 Suffraganeum
651 3559 683 3618 iu
703 3555 907 3634 Spiritualibus
932 3557 968 3618 D.
990 3557 1132 3620 loannem
1154 3557 1305 3620 Scbleeter

197 3671 235 3731 dc
255 3668 366 3730 Ordine
387 3667 520 3728 Fratrum
541 3665 701 3739 Minorum,
729 3663 909 3742 Theologum
931 3665 1082 3743 insignem.
1120 3665 1206 3728 -Obiit
1227 3685 1304 3728 anno

198 3775 311 3839 1t57.“
353 3775 560 3836 Reconciliavit
590 3792 665 3836 anno
689 3769 778 3833 litu.
802 3770 951 3852 Capellam
972 3773 1002 3835 S.
1023 3772 1136 3837 Nicolai
1158 3777 1187 3835 in
1208 3772 1305 3855 Burg-

198 3885 267 3948 boii.
293 3884 327 3946 ln
338 3883 413 3944 libro
424 3881 623 3944 defunctorum
640 3881 882 3946 Conventualium
900 3881 971 3944 baec
989 3883 1139 3946 deeodem
1151 3881 1303 3963 leguntur:

237 4158 264 4225 1)
282 4160 405 4213 Fortasse
422 4151 572 4218 legenduma
592 4151 671 4204 tortia
688 4151 798 4218 Aprilis.
817 4151 884 4206 Nam
903 4147 981 4204 aisn.
999 4157 1055 4205 erat
1071 4151 1121 4206 Lit.
1140 4151 1217 4204 Dom.
1235 4153 1262 4205 b.
1280 4159 1304 4205 ct

289 4253 385 4317 pascha
402 4250 446 4304 27.
464 4249 561 4306 Martii.

210 4401 213 4404 .
238 4346 264 4410 i)
283 4347 357 4400 Tom.
374 4345 420 4400 lt·
439 4341 546 4400 collect
564 4341 682 4408 ampliss.
698 4341 824 4398 Mariano.
841 4355 898 4410 pap.
916 4339 975 4396 out.
