2832 4828
671 375 704 444 et

141 579 177 640 dt
192 576 409 656 etatemptnm,
440 575 524 652 quasi
552 569 749 650 episcopalem
778 569 953 634 cathedram
986 573 1015 632 in
1044 569 1115 633 loco·
1133 569 1245 632 millius

141 683 289 747 Itideessis
308 700 360 744 sua
380 685 544 747 temeritate
564 680 682 760 eligunt,
704 686 735 742 et
751 697 951 759 quoscumque
975 681 1012 741 ad
1033 697 1065 742 se
1086 681 1245 748 venientes,

140 795 255 856 etiamsi
269 805 396 854 suorum
420 791 634 870 Episcoporum
662 807 716 852 seu
737 789 935 852 Praelatornm
965 788 1075 850 litteras
1094 805 1245 849 commen·

141 901 256 964 datitias
279 917 336 962 non
357 898 498 974 babeant,
528 896 654 962 clericali
676 897 840 960 charactere
862 899 1013 977 insignire,
1042 897 1128 957 etad
1149 910 1246 958 saeros

142 1010 230 1070 etiam
252 1010 468 1089 presbyteratus
485 1009 602 1071 ordines
623 1025 795 1087 minorare
804 1009 1012 1087 praesumunt:
1034 1023 1093 1085 quo
1114 1005 1245 1083 plerum-

140 1135 202 1197 que
222 1116 270 1192 lit,
292 1122 325 1178 ut
345 1120 441 1180 minua
462 1119 558 1180 idonei
580 1122 609 1179 et
633 1117 722 1179 rudes
742 1133 775 1180 ae
796 1117 906 1196 ignari,
938 1118 968 1176 et
989 1117 1040 1194 qni
1060 1132 1077 1175 a
1098 1133 1153 1176 suo
1174 1113 1246 1191 Epi·

143 1241 233 1303 scopo
250 1228 398 1304 tamquam
419 1224 561 1287 inhabiles
582 1231 611 1287 et
631 1224 739 1304 indigni
761 1223 859 1303 rejecti
880 1222 1012 1298 luerunt,
1034 1223 1171 1294 ordinati,
1193 1238 1246 1282 nec

142 1337 239 1399 divina
259 1337 354 1398 officia
374 1355 528 1416 peragere,
550 1353 604 1397 nec
625 1335 816 1398 ecelesiastica
831 1339 1010 1398 sacramenta
1030 1337 1110 1396 recte
1131 1332 1246 1396 valeant

141 1445 323 1507 ministrare:
353 1463 441 1508 nemo
462 1445 689 1524 Episcopum,
720 1447 769 1525 qni
790 1444 933 1506 Titulares
955 1447 1110 1516 vocantur,
1141 1444 1245 1502 etiam·

140 1554 167 1614 si
188 1554 218 1614 in
239 1554 305 1616 looo
326 1553 433 1616 nullius
441 1554 598 1628 Dioecesis,
620 1554 707 1616 etiam
720 1557 866 1633 exempto,
888 1558 938 1614 aut
957 1552 1054 1632 aliquo
1071 1552 1246 1614 monasterio

139 1663 269 1741 cujusvis
279 1661 400 1725 Ordinis
421 1661 589 1732 resederint.
616 1667 666 1724 aut
687 1679 799 1725 moram
821 1663 975 1736 traxerint,
997 1663 1097 1740 vigore
1118 1659 1246 1739 cujusvis

5 1849 10 1854 Ι
138 1771 282 1850 privilegii
309 1770 363 1834 sibi
384 1771 421 1832 de
450 1771 650 1850 promovendo
679 1782 880 1850 quoscumque
909 1771 945 1833 ad
967 1788 999 1832 se
1019 1769 1171 1834 venientes
1192 1785 1246 1846 pro

138 1884 274 1959 tempore
294 1882 441 1954 concessi,
463 1879 582 1940 alterius
600 1877 749 1942 subditum
768 1881 854 1940 ctiam
877 1882 1029 1958 praetextu
1048 1876 1247 1938 familiaritatis

138 1990 293 2050 continnae
320 1987 577 2050 commensalitatis
598 2005 685 2062 suae,
717 1988 827 2066 absque
851 1988 897 2048 sui
920 1987 1030 2066 proprii
1052 1983 1174 2048 Praelati
1196 2003 1246 2046 er·

138 2113 243 2176 presso
272 2113 416 2159 consensu
446 2100 497 2158 aut
526 2095 629 2158 litteris
659 2097 841 2168 dimissoriis,
874 2096 910 2158 ad
938 2096 1052 2176 aliquos
1079 2113 1177 2156 sacros
1198 2099 1246 2156 aut

137 2205 269 2268 minores
300 2204 427 2267 Ordines
456 2204 503 2268 vel
526 2207 649 2284 primam
670 2211 821 2268 tonsuram
842 2223 1016 2285 promovere
1037 2223 1090 2268 seu
1112 2205 1246 2266 ordinare

135 2312 243 2380 valeat
293 2313 400 2376 Contra
430 2313 537 2376 iaciens
567 2313 603 2376 ab
636 2315 774 2378 exercitio
805 2312 1017 2377 Pontificalium
1052 2329 1245 2392 perannum,

135 2420 234 2484 taliter
261 2441 331 2484 vero
361 2423 486 2500 promoti
508 2423 545 2484 ab
572 2424 757 2484 exsecutione
790 2419 942 2484 Ordinum-
963 2424 1004 2482 sio
1032 2424 1245 2500 susceptorum,

135 2529 232 2590 donec
252 2547 306 2592 suo
328 2527 460 2590 Praelato
481 2531 576 2592 visum
599 2529 694 2604 luerit,
716 2532 782 2609 ipso
802 2529 864 2609 jure
885 2534 952 2592 sunt
973 2529 1136 2608 suspensi.“
1162 2527 1245 2590 llano

135 2637 286 2700 salubrem
322 2635 443 2700 Concilii
479 2639 712 2702 constitutionem
742 2639 905 2718 specialiter
937 2643 1037 2718 postea
1065 2637 1246 2702 confirmavit

136 2747 347 2824 renovavitque
376 2745 445 2808 Pius
469 2745 534 2820 lV.,
565 2747 630 2808 data
662 2744 818 2810 Constitui.
843 2749 955 2809 Romae
976 2746 1052 2824 apud
1073 2745 1103 2808 S.
1125 2743 1244 2810 Petrum

136 2855 185 2916 die
194 2852 330 2933 annau,
352 2853 622 2918 Pontificatusanno
641 2855 789 2931 lll.‚anno
803 2853 921 2917 Domini
937 2853 1039 2927 1562„
1056 2855 1108 2917 sed
1128 2859 1243 2917 stanno

136 2965 271 3042 sequenti
289 2961 380 3025 altera
412 2962 623 3026 Constitutione
643 2965 767 3026 minatus
785 2969 830 3026 est
850 2964 991 3044 ejusmodi
1013 2963 1243 3026 inobedientibus

135 3070 292 3150 Episcopis
302 3069 479 3133 Titularibus
499 3089 607 3150 poenas
626 3074 825 3151 suspensionis
841 3092 857 3135 a
878 3073 983 3136 divinis
997 3078 1026 3134 et
1042 3073 1243 3135 excommuni-

136 3180 264 3242 cationis.
307 3177 415 3242 Paulus
437 3179 486 3240 lv.
507 3197 582 3242 anno
605 3178 695 3242 1559.
714 3179 854 3260 jusserat,
878 3187 910 3243 ut
931 3181 1079 3261 regulares
1100 3181 1242 3260 assumpti

135 3288 174 3350 ad
195 3289 420 3366 Episcopatum‚
442 3290 595 3366 impetrata
615 3305 632 3349 a
653 3289 681 3351 S.
704 3289 779 3351 Sede
799 3290 990 3368 resignatione
1012 3307 1133 3352 suorum
1155 3288 1244 3350 bene-

136 3395 288 3472 ficiorum,
308 3397 436 3459 redirent
456 3397 491 3460 ad
513 3415 583 3459 suos
598 3397 732 3472 ordines,
746 3401 777 3458 in
793 3397 898 3478 quibus
914 3397 1063 3476 incapaces
1082 3396 1243 3459 habeantur

137 3505 274 3567 ordinum
292 3506 471 3584 dignitatum.
501 3504 637 3568 Clemens
652 3511 748 3568 autern
766 3507 831 3582 xl,
844 3523 986 3568 renovans
1000 3505 1242 3568 Constitutionem

136 3613 296 3674 Alexandri
318 3614 383 3676 vll.
405 3613 528 3694 ejusque
549 3613 610 3676 vim
631 3615 784 3694 amplians,
802 3616 956 3690 ordinavit,
977 3620 1010 3676 ut
1030 3615 1178 3695 regulares
1198 3633 1244 3678 as·

137 3724 247 3802 sumpti
269 3723 299 3782 in
320 3722 483 3801 Episcopos
504 3721 704 3785 Ecclesiarum
735 3725 894 3802 positarum
915 3727 944 3786 in
966 3723 1098 3802 partibus
1119 3723 1244 3787 haereti-

137 3849 240 3892 corum
263 3829 310 3892 vel
332 3830 581 3894 schismaticorum
605 3851 661 3894 non
685 3833 796 3910 possint
816 3837 895 3894 extra
917 3833 1042 3894 claustra
1063 3835 1171 3908 vivere,
1192 3833 1244 3896 sed

137 3938 251 4002 subsint
271 3940 333 4002 suis
354 3939 569 4018 Superioribus,
591 3941 646 4003 nisi
666 3939 822 4020 specialem
844 3940 988 4003 licentiam
1010 3960 1026 4003 a
1047 3942 1150 4004 Sancta
1168 3942 1243 4004 Sede

138 4047 300 4122 obtineant;
341 4065 436 4126 neque
475 4049 587 4127 possint
623 4067 758 4110 exercere
794 4048 986 4124 Pontitioalia‚
1027 4069 1063 4112 ne
1099 4053 1243 4131 permissu

138 4148 257 4234 quidem
278 4154 518 4230 Ordinariornm,
549 4155 605 4218 sub
626 4173 719 4236 poena
746 4159 946 4238 suspensionis
965 4159 1030 4236 ipso
1051 4157 1126 4222 laeto
1147 4159 1243 4220 incur·
1296 4203 1297 4206 ,

138 4262 260 4338 rendae,
292 4266 456 4326 reservatae
477 4265 609 4329 Romano
639 4263 789 4340 Pontifici;
817 4283 851 4327 ae
880 4269 1030 4345 praeterea
1060 4272 1243 4348 reassumpto

138 4367 237 4436 babitu
257 4373 393 4454 propriae
413 4371 577 4452 religionis,
608 4391 665 4436 non
695 4390 779 4438 secus
800 4390 834 4436 ao
854 4373 960 4436 meteri
981 4371 1107 4454 religiosi
1129 4373 1243 4438 subsint

1307 4145 1320 4178 Ι
