2832 4828
655 395 702 468 99

132 597 278 672 manicae,
310 597 376 658 dein
404 595 576 658 constitutus
607 591 740 654 tiernus
769 589 954 668 Apostolicus
984 587 1176 653 Hildesicnsis
1203 593 1234 654 et

132 703 518 772 Exsecutorbullaebeonis
539 701 634 781 Papae
654 699 744 763 xli:
766 697 899 780 imperato
920 697 1041 761 liemaro.
1063 697 1235 781 Pontificum

132 825 195 890 etc,
217 833 274 895 qua
295 831 372 876 nova
392 811 621 892 Episcopatuum
647 809 837 872 Hildesiensis
865 813 895 870 et
922 807 1151 888 Osoabmgensis
1177 807 1235 870 cir·

133 924 319 1003 cumscriptio
340 925 370 984 et
393 923 564 1002 organisatio
585 918 804 1000 praescribitur,
830 919 946 982 taudem
968 919 1067 982 abiens
1086 936 1104 980 e
1123 919 1184 983 rita
1204 915 1235 983 le.

132 1033 202 1096 tulii
223 1029 315 1094 1897.
335 1031 440 1112 plenus
460 1031 582 1094 meritis.
625 1013 627 1020 Ι

216 1223 361 1286 xxxvl.
404 1221 589 1286 CLEMENS
609 1219 812 1286 AUGUSTUS
832 1217 1147 1286 bernaicensis.

196 1355 323 1421 Ultimus
343 1355 488 1420 Elector-ic
510 1353 685 1420 Golooicortr
705 1357 910 1437 Suliragancus
934 1359 996 1418 erat
1016 1353 1153 1418 Clemens
1172 1353 1237 1416 An·

13 1531 14 1542 ,
133 1472 235 1548 pastus
255 1467 363 1542 Maria,
395 1467 484 1530 Liber
504 1467 579 1532 Baro
601 1468 637 1530 de
658 1465 769 1540 Merlc,
799 1483 888 1546 quem
909 1465 973 1544 ipse
994 1463 1113 1559 Elector
1132 1459 1239 1525 Archi-

13 1569 14 1648 l
133 1579 288 1655 episcopus
310 1577 446 1640 Clemens
467 1576 618 1658 Augustus
639 1595 656 1638 e
678 1575 756 1638 toute
777 1594 860 1639 sacro
880 1573 988 1638 levavit
1009 1573 1140 1653 patrinus
1160 1587 1238 1634 anuo

134 1681 228 1748 1739.
248 1682 426 1747 Adolescens
447 1683 531 1748 bouis
559 1685 662 1747 litteris
691 1687 845 1746 instructus
874 1685 1011 1762 pietatem
1041 1681 1167 1744 maxime
1188 1696 1239 1741 co·

13 1811 14 1822 ¹
132 1791 203 1866 lnit;
234 1793 326 1854 iactus
355 1793 423 1854 dein
454 1791 694 1873 Metropolitanus
723 1792 905 1855 Coloniensis
936 1795 966 1852 ct
992 1769 1238 1852 Archidiaconalis

132 1899 183 1964 88.
205 1899 298 1962 Cassii
319 1905 349 1962 et
368 1899 506 1962 Florentii
533 1899 695 1962 Bonnensis
725 1895 887 1962 Cononicus
913 1897 1108 1978 Capitularis,
1139 1895 1239 1976 judicii

132 2007 219 2072 aulici
240 2007 395 2070 saecularis
414 2006 544 2082 Praeses,
566 2005 987 2087 Seminariibrchiepiscopalis
1002 1991 1239 2090 commissarius,

132 2117 312 2178 renuntiatus
335 2116 451 2177 tandem
473 2133 548 2178 anuo
571 2113 662 2177 1796.
684 2115 886 2194 suffraganeus
907 2119 938 2178 et
958 2131 1035 2176 nona
1055 2109 1238 2176 1111111797.

131 2227 369 2302 praeconizatae,
391 2226 491 2284 octava
511 2222 690 2303 Septembris
711 2223 843 2302 ejusdem
864 2223 952 2298 anni,
978 2223 1007 2284 lu
1029 2221 1185 2284 Nativitate
1205 2219 1241 2282 B.

131 2329 241 2394 Mariae
262 2331 299 2395 V.
320 2330 355 2392 ab
376 2307 442 2410 ipso
463 2331 655 2394 serenissimo
676 2329 903 2411 Archiepiscopo
925 2329 1126 2394 Maximillano
1145 2327 1239 2392 Fran·

13 2441 14 2446 ’
132 2441 209 2501 cisco
230 2437 454 2519 Mergenthefflii
475 2442 505 2500 in
529 2438 642 2502 sacello
659 2437 753 2500 aulico
769 2443 953 2501 consecratus
971 2437 1136 2516 Episcopus
1149 2424 1241 2498 Beth-

134 2547 296 2621 saideusis,
317 2551 416 2610 secuta
437 2547 623 2626 postmodum
644 2545 773 2608 Viennae
794 2547 823 2609 in
846 2543 1034 2609 1111111196.
1056 2544 1126 2608 Julii
1148 2541 1239 2606 1891.

134 2653 354 2734 Archiepiscopi
375 2659 486 2730 morte,
519 2655 686 2716 auctoritate
706 2652 832 2732 Capituli
854 2653 1078 2732 metropolitani,
1099 2651 1169 2714 sede
1189 2665 1241 2714 va·

134 2769 227 2834 cante,
249 2763 279 2822 in
310 2761 526 2824 Pontificalibus
544 2761 677 2822 Vicarius
708 2759 867 2824 Generalis.
911 2761 979 2840 lpse
1007 2764 1038 2822 in
1063 2747 1240 2840 gravissimis

134 2867 280 2930 bellorum
301 2869 473 2930 tumultibus
494 2869 687 2948 maximisque
708 2868 939 2942 diversitatibus,
966 2869 1087 2930 adversa
1108 2865 1241 2946 plerum·

135 2993 193 3054 que
214 2976 400 3049 ualetudine,
426 2977 530 3054 partim
553 2975 689 3040 Coloniae
710 2976 740 3036 iu
760 2973 891 3038 Ecclesia
911 2975 1150 3054 monopolitano,
1172 2989 1240 3052 par·

134 3086 186 3144 tim
213 3087 243 3145 in
264 3081 377 3146 sacello
399 3101 453 3145 suo
474 3083 584 3156 aulico,
615 3087 716 3160 postea
743 3089 840 3144 autem
862 3084 899 3145 ab
920 3101 996 3148 anuo
1018 3081 1109 3145 1809.
1151 3080 1241 3143 Tuitii

134 3193 164 3252 iu
186 3191 326 3252 'Ecclesia
356 3189 489 3252 abbatiali
520 3189 683 3252 iunctiones
713 3190 894 3269 episcopales
929 3191 1055 3252 maxima
1082 3190 1240 3251 attentione

135 3301 165 3359 et
186 3299 340 3360 devotione
372 3302 484 3378 peregit
515 3299 832 3378 renunculosque,
869 3316 945 3376 quae
975 3301 1079 3377 quarta
1108 3294 1240 3358 Ianuarii

135 3404 227 3467 1810.
245 3407 347 3469 'secuta
376 3411 429 3468 est.
480 3405 617 3486 Sepultus
645 3411 689 3468 est
716 3409 746 3468 in
773 3405 947 3469 Mettcmich
975 3409 1004 3468 in
1031 3403 1158 3466 familiae
1190 3419 1240 3466 se·

133 3511 266 3593 pulchro.
749 3529 752 3536 ·
995 3495 997 3498 ’

197 3619 273 3683 Cum
294 3639 371 3683 nuuc
391 3619 621 3684 Archidioecesis
643 3611 673 3683 et
693 3641 748 3684 suc
767 3621 868 3684 orbato
888 3621 977 3684 luerit
1002 3618 1238 3700 Archiepiscopo,

134 3733 164 3791 et
183 3728 397 3808 Prospiscopo,
427 3731 652 3811 omnimodeque
673 3731 801 3805 viduata,
839 3735 935 3809 partes
955 3729 1134 3810 Suffraganei
1154 3727 1185 3788 in
1205 3743 1239 3788 sc

133 3837 263 3914 suscepit
283 3841 312 3898 et
332 3855 426 3916 usquc
447 3839 484 3900 ad
505 3857 612 3900 annum
634 3836 727 3900 1895.
748 3839 904 3918 complevit
917 3838 1188 3900 Revereodissimus
1209 3837 1239 3896 et

133 3943 278 4006 illustriss.
300 3944 385 4006 Dour.
398 3944 508 4025 Caspar
528 3945 752 4021 Maximilianus,
774 3945 808 4007 L.
830 3947 863 4007 B.
884 3945 990 4010 Droste
1011 3943 1238 4021 deViscbering,

133 4051 170 4113 ab
191 4055 255 4129 ipsc
276 4051 476 4117 Maximiliauc
496 4044 649 4117 Francisco
670 4073 745 4116 auno
767 4052 858 4115 1795.
880 4057 1063 4117 consecratus
1073 4052 1238 4130 Episcopus

132 4159 348 4224 Jerichuutinus
365 4141 398 4222 ei
419 4161 655 4224 Monosteriensis
675 4161 893 4241 Sullraganeus,
915 4177 993 4222 nuuc
1013 4177 1084 4222 vero
1105 4158 1238 4238 ejusdem

132 4267 280 4330 Ecclesiae
301 4269 538 4332 Monosteriensis
555 4271 718 4349 Episcopus
730 4270 913 4342 Ordiuarius,
936 4271 986 4348 qui
1007 4267 1095 4334 nullis
1116 4281 1237 4346 parcens

90 4369 91 4372 ’
133 4374 295 4450 laboribus,
326 4375 415 4440 nullis
443 4378 560 4440 territus
589 4377 740 4457 periculis,
772 4395 832 4442 non
861 4375 954 4440 semel
976 4393 1110 4458 magnam
1131 4371 1236 4438 Colca.

984 4485 1006 4548 ⁷
1016 4481 1035 4522 8
