2832 4828
713 371 764 450 ιδ

178 575 224 634 est
238 577 409 634 concretum
425 569 548 650 singuiis
562 571 645 634 suuis
662 573 690 632 in
706 567 911 635 dielicmioics
926 575 993 649 post
1008 571 1115 635 testmn
1131 571 1285 636 hestorum

176 679 254 744 Petri
275 685 305 744 ei
321 680 402 742 Penii
419 677 645 758 Apostolorum,
667 678 868 742 transferimus
884 681 912 740 in
926 678 1029 744 ieriem
1043 683 1204 742 secundem
1224 689 1290 760 poet

176 785 283 852 testmn
301 788 437 860 Prsctree,
455 793 486 850 et
506 789 669 862 notuimus,
688 807 757 850 curn
780 787 917 850 omnihus
933 790 1032 868 gratiis
1049 791 1080 850 et
1097 789 1290 868 indulgentiis

176 901 232 962 sibi
252 899 289 960 eb
307 897 540 976 Arohiepiscopis
555 901 586 958 et
601 897 756 976 Epimopis
774 898 935 970 concessis,
950 899 1053 960 eodem
1070 899 1129 974 die,
1147 900 1289 962 videlicet

176 1007 301 1070 crmtino
320 1007 368 1068 die
387 1004 526 1078 Pescheer
542 1009 682 1083 perpetuo
698 1003 850 1079 eelebrent,
869 1005 1009 1068 addentes
1022 1006 1159 1087 omnibus
1176 1007 1290 1070 Christi

178 1115 314 1178 fidelibus
331 1133 401 1178 vcro
422 1115 645 1195 poenitentibus,
667 1113 805 1178 confessis
816 1118 846 1176 et
863 1115 1005 1188 contritis,
1024 1116 1154 1194 quitum
1176 1117 1289 1178 dictum

179 1223 348 1288 Cinustrum
374 1243 427 1286 seu
451 1223 636 1286 Contentum
655 1241 723 1286 cum
747 1224 902 1286 devotione
927 1225 1124 1298 risiteveriut,
1157 1226 1290 1304 quodra-

176 1337 254 1415 ginta
272 1335 334 1396 dies
349 1333 593 1412 indulgentiarum
604 1331 771 1411 deinjuuctt
787 1332 831 1395 eis
848 1335 1032 1410 poenitentis,
1046 1333 1083 1394 de
1101 1336 1291 1412 omnipoten-

177 1444 215 1504 tis
232 1442 286 1506 [isi
305 1441 502 1504 misericordis
521 1438 620 1502 confisi
635 1457 668 1500 ec
681 1442 712 1502 in
726 1437 852 1502 Domino
868 1441 1094 1504 misericorditer
1106 1441 1288 1506 retexentes.

173 1552 207 1614 tu
227 1551 311 1630 cnjus
328 1552 372 1613 rei
395 1551 593 1612 testimonium
615 1547 742 1627 sigillum
771 1553 902 1610 nostrum
924 1549 1126 1627 praesentibus
1144 1552 1289 1614 duximus

172 1660 388 1740 opponendum.
445 1658 553 1720 lictum
580 1675 656 1718 suno
682 1655 800 1718 Domini
832 1656 1056 1720 dcccxxix.
1084 1661 1148 1737 ipso
1177 1660 1227 1722 die
1253 1659 1288 1722 Β.

172 1766 314 1830 Gereonis
329 1771 406 1828 etc.“
439 1765 485 1826 Ad
503 1766 629 1828 eundem
644 1766 787 1826 Joenoem
806 1764 989 1828 referendum
1006 1769 1052 1826 est
1071 1765 1160 1828 iliud:
1177 1767 1288 1841 „Anno

171 1875 396 1939 dcccxxxi.
425 1875 560 1948 ioannes,
581 1872 746 1952 Scopiensis
773 1875 945 1952 Episcopus,
971 1875 1114 1937 dedicerit
1136 1877 1287 1955 tempium

171 1986 405 2048 Preedicetorum
416 1985 699 2048 Tremoniensium.“
731 1981 804 2044 Vide
820 1983 1040 2062 Kieiusorginm
1051 1983 1087 2045 nd
1097 2001 1163 2045 nnn.
1179 1985 1286 2062 1310..

171 2115 231 2176 quo
248 2095 349 2174 tempti
371 2093 433 2173 ejus
451 2095 529 2154 initio
544 2092 662 2172 quidem
678 2093 769 2170 posite
784 2109 850 2152 esse
868 2091 1011 2166 affirmat,
1037 2093 1088 2154 sed
1113 2097 1173 2154 tem
1199 2095 1286 2157 tardo

171 2204 208 2266 ob
222 2206 367 2266 socierum
377 2201 579 2264 difficultatum
594 2202 789 2262 interventum
802 2217 1000 2277 progressum,
1016 2201 1182 2272 utsdeuns,
1193 2221 1287 2280 quem

170 2316 301 2378 diximus
324 2331 449 2388 cunum,
474 2311 619 2374 coronidis
641 2310 787 2389 impositio
809 2306 897 2370 inerit
923 2313 1085 2388 prorogate.
1109 2343 1152 2356 -
1176 2312 1286 2385 ‚‚Anno

170 2421 424 2487 dcccxxxiii.
442 2419 489 2480 dis
506 2419 536 2480 S.
557 2415 700 2480 Gereonio
717 2420 897 2480 consecrent
911 2416 1075 2495 Scopiensis
1091 2419 1285 2497 Regulnrium

169 2529 387 2595 Cotonteusium
409 2526 569 2588 Ecclesium
599 2527 635 2586 ed
656 2523 770 2603 Corpus
796 2523 903 2588 Christi
930 2543 998 2588 cum
1018 2529 1197 2590 coemeterio
1206 2533 1226 2562 “
1245 2527 1283 2611 ¹).

170 2641 213 2702 ne
234 2638 289 2702 hoc
307 2640 418 2700 Joonne
438 2634 636 2696 Tremoniensi
663 2633 801 2694 nonnulle
819 2632 907 2695 reteri
925 2631 1089 2696 Chronicou
1110 2634 1282 2700 Coloniens.
1405 2663 1406 2684 r

171 2745 222 2810 toi.
249 2745 320 2808 103.

387 2934 422 2996 v.
465 2889 698 2996 nunonnuus
720 2929 1060 2996 uousrnuunusrs.

233 3066 423 3146 Rudoiphum
444 3065 566 3145 aiicujus
584 3063 953 3128 MendicnutiumOrdinis
971 3065 1102 3128 sodeiem
1120 3066 1221 3142 tuisse,
1243 3089 1280 3132 ex

169 3179 337 3259 praemissis
346 3175 468 3238 litterisc
493 3172 556 3248 dr„
567 3174 596 3236 id
618 3177 679 3236 est:
703 3171 821 3244 Frater.
841 3172 1095 3252 conjectorelicet;
1117 3174 1281 3240 iuitsuiem

168 3290 333 3368 Episcopus
352 3285 583 3350 Constantiecsis
606 3284 668 3346 sive
687 3281 928 3346 consentiemus
947 3287 976 3346 in
997 3281 1096 3364 Cypro
1111 3286 1205 3348 insuto
1225 3287 1281 3350 sub

168 3398 366 3462 Petrisrchrtu
387 3394 585 3466 Antiocheno,
613 3389 814 3454 eWilhelmo
838 3391 874 3451 de
900 3388 1030 3471 Gennep,
1049 3391 1280 3474 Archiepiscopo

168 3509 284 3583 Coton„
301 3511 330 3570 in
346 3506 567 3584 Suiimgenenm
585 3500 717 3562 nocitus..
739 3497 825 3560 Anno
843 3497 1032 3562 MCCCLIX.
1055 3504 1084 3564 in
1105 3502 1217 3566 Ootnve
1232 3505 1281 3568 In·

168 3620 334 3680 nocentium
356 3613 502 3676 benedixit
525 3614 554 3670 et
579 3609 773 3670 immunitatis
802 3606 952 3687 privilegio
972 3610 1198 3674 eseecuisrium
1222 3632 1280 3679 usu

168 3724 329 3804 segregavit
355 3720 483 3800 singulos
515 3718 634 3780 Petrum
658 3717 855 3778 Eremiturum
880 3715 1099 3780 Coloniensium
1127 3721 1279 3799 officinss3

168 3835 247 3898 idem
272 3832 331 3910 egit
350 3847 425 3890 enno
448 3826 652 3890 MCCCLXH.
681 3827 710 3886 io
735 3826 823 3887 domo
846 3825 1026 3888 Constantini
1048 3847 1066 3890 a
1086 3829 1278 3910 Lyskueuen,

169 3941 303 4022 opposito
324 3938 457 4016 pomerio
476 3935 506 3997 S.
529 3935 640 3996 ddsrioc
661 3935 689 3996 in
713 3933 874 4012 Capitolio,
906 3953 974 3996 cum
995 3955 1030 3998 en
1049 3937 1279 4016 Augustinienso

169 4051 329 4116 accederet.
351 4044 466 4108 Ctsrins
483 4043 514 4106 id
529 4047 626 4112 sutem
648 4047 760 4106 constat
777 4062 814 4104 ex
831 4046 965 4124 sequenti
983 4046 1172 4110 documentos
1195 4048 1278 4124 „Nos

203 4300 235 4358 i)
254 4294 328 4348 coni.
349 4291 475 4345 detentus
500 4287 533 4340 de
556 4287 738 4350 magnitudine
765 4286 887 4342 Coloniae
909 4303 966 4355 pop,
984 4287 1046 4342 trs.
1066 4316 1099 4332 -
1125 4290 1278 4345 trinutum

259 4391 359 4442 sooner.
375 4383 486 4452 Agripp.
504 4396 562 4448 pop.
580 4381 642 4434 too.
1247 4382 1250 4386 ·
