2832 4828
753 405 800 476 ta

226 601 509 680 Nonasltovembr„
530 601 707 666 lndict.X.“
719 637 759 650 -
780 603 826 664 Ad
838 603 913 666 haec
931 604 993 684 ipsa
1010 611 1143 682 tempora
1163 602 1334 667 referendae

227 713 314 775 etiam
334 713 403 774 illae
423 713 668 784 consecrationes,
689 727 762 790 quas
788 711 927 792 Llpatadii
950 713 1016 775 lecit
1042 713 1072 773 in
1100 712 1336 774 Archidioeoesis

226 821 409 884 Coloniensis
425 820 534 895 limine,
545 823 619 882 teste
637 819 820 899 Kleinsorglo
838 825 868 882 et
889 823 1003 888 tustino
1022 820 1207 900 Presbytero,
1226 821 1335 898 quibus

225 928 410 991 manilestum
429 927 535 1002 eradit,
555 927 735 990 Bernardum
755 947 812 990 non
831 930 860 990 in
879 929 1001 991 Livonia
1018 931 1155 990 continuo
1174 930 1335 1004 desedisse,

227 1038 278 1100 sed
293 1036 479 1099 Germaniam
491 1035 564 1098 banc
578 1037 868 1115 peragrasse,t]rucis
880 1037 997 1098 indubie
1014 1038 1222 1118 praedicandae
1237 1057 1336 1112 causa,

227 1137 261 1208 ul
280 1145 388 1207 iudicat
406 1141 606 1223 Lippitlorium
625 1145 731 1206 tustini
754 1148 783 1205 et
807 1143 944 1206 Albertus
964 1145 1126 1218 Stadensis,
1145 1163 1222 1224 quae
1245 1150 1337 1207 etiam

227 1253 310 1316 illum
330 1252 486 1330 aliquando
509 1254 537 1312 in
562 1251 701 1325 Frisium,
730 1251 777 1312 vel
802 1259 880 1314 certe
905 1253 1026 1315 allectus
1048 1256 1077 1315 in
1098 1253 1192 1315 iillum
1221 1255 1336 1327 detulit,

226 1365 260 1424 ut
277 1360 365 1423 babet
387 1359 539 1422 Caesarius
555 1359 700 1422 Heisterb.
720 1359 767 1422 llb.
790 1361 830 1421 Χ.
854 1379 917 1438 cap.
938 1360 979 1423 35
992 1359 1026 1446 ²).
1056 1362 1264 1440 Supervixisse
1284 1383 1336 1424 au·

225 1475 286 1532 tem
300 1487 370 1532 eum
388 1487 496 1532 annum
512 1466 613 1541 1222,
631 1469 722 1547 liquet
743 1487 779 1530 ex
806 1487 893 1547 supra
909 1469 993 1532 allata
1013 1471 1200 1532 dedicationis
1213 1469 1336 1533 historia

226 1584 256 1641 et
274 1598 311 1640 ex
329 1578 446 1639 laudato
463 1575 608 1650 Caesario,
630 1577 679 1656 qui
698 1575 754 1637 hoc
772 1579 836 1655 ipso
857 1596 933 1638 anno
950 1577 1078 1639 scribens
1098 1577 1238 1657 Dialogus
1255 1597 1336 1654 suos,

226 1691 308 1748 vocat
337 1703 406 1746 eum
432 1703 489 1746 nou
516 1685 607 1748 semel
627 1703 705 1746 noer
727 1683 866 1747 Liaom'oe
887 1681 1073 1764 Episcopum.
1117 1687 1150 1747 lu
1176 1685 1335 1748 Decembri

226 1793 358 1874 ejusdem
385 1796 452 1854 auni
482 1791 574 1854 1222.
599 1794 646 1856 uel
671 1799 749 1854 certe
774 1795 924 1873 sequentis
953 1795 1020 1855 anni
1040 1794 1120 1855 initio
1142 1795 1242 1874 ipsum
1268 1815 1335 1857 cum

226 1905 336 1985 aliquot
356 1904 553 1966 sacerdotibus
574 1889 639 1964 esse
657 1920 821 1982 regressum
841 1903 871 1963 in
894 1903 1063 1973 Livoniam,
1088 1909 1153 1980 post
1179 1909 1295 1982 partam
1318 1923 1334 1966 a

226 2015 413 2093 Daniaerege
425 2015 576 2075 victoriam
591 2031 680 2090 super
690 2011 813 2074 rebelles
824 2011 863 2072 lbi
875 2013 964 2072 divini
978 2012 1103 2072 nominis
1112 2011 1222 2082 hostes,
1242 2032 1333 2074 novo·

227 2141 285 2203 que
295 2121 359 2184 zelo
370 2121 458 2183 fidem
477 2121 647 2183 catholicam
660 2139 843 2201 propagasse,
861 2121 928 2182 inde
944 2119 1039 2200 palam
1050 2119 1091 2195 lit,
1104 2121 1181 2200 quod
1200 2119 1334 2182 Pontifex

226 2231 376 2294 Honorius
398 2231 450 2292 lll.
462 2249 538 2292 auno
556 2228 646 2294 1225.
655 2231 691 2293 ob
703 2231 856 2292 llorentem
867 2233 896 2291 ln
908 2229 1028 2291 Livonia
1039 2229 1208 2308 religionem
1228 2231 1265 2290 de
1277 2233 1335 2290 eri·
1398 2225 1399 2308 Q

227 2342 320 2422 geuda
347 2339 568 2418 metropolitana
590 2341 665 2404 Sede
688 2340 856 2418 cogitauerit
880 2345 909 2400 et
928 2339 1040 2400 litteras
1059 2339 1170 2400 dederit
1187 2335 1231 2422 ²),
1257 2339 1335 2399 uude

228 2449 332 2512 merito
348 2447 659 2510 BeruardusLivoniae
677 2447 836 2526 Apostolus
852 2449 963 2508 dicitur.
984 2447 1051 2524 Quo
1065 2465 1140 2508 anuo
1152 2449 1195 2508 vir
1205 2447 1335 2524 Aposto-

227 2559 302 2622 licus
324 2557 443 2630 obierit,
462 2557 589 2618 nondum
609 2558 710 2636 liquet.
737 2555 767 2618 Si
782 2558 948 2634 incorrupte
965 2559 1143 2634 exscriptum
1160 2557 1198 2616 sit
1213 2556 1336 2634 privile·
1398 2633 1399 2638 ἵ

228 2669 308 2750 gium
335 2664 426 2751 (quod
446 2665 626 2745 dubitamus)
648 2665 796 2744 Lippieusi
814 2664 880 2726 urbi
899 2665 1000 2725 datum
1018 2681 1035 2725 a
1055 2663 1204 2724 bernardo
1225 2669 1336 2738 nostro,
1398 2649 1399 2654 ¹

229 2777 265 2840 ad
290 2795 399 2838 aunum
423 2772 514 2838 ibib.
534 2777 731 2852 pervenisset:
760 2792 829 2834 nam
849 2774 877 2835 id
897 2775 936 2836 ita
955 2773 1086 2834 concludi
1110 2773 1206 2834 disco:
1229 2773 1336 2847 „Scri-

230 2890 313 2966 ptum
332 2884 388 2946 boc
402 2883 504 2962 Sigillo
523 2881 692 2956 Hermanni,
713 2881 765 2942 lilii
788 2883 856 2956 mei,
874 2882 1128 2955 communivi,·cui
1149 2881 1248 2942 omnia
1269 2899 1336 2942 mea

229 2995 371 3072 resignavi
383 3011 419 3053 eo
438 2997 579 3070 ternpore,
599 2993 723 3071 quando,
743 2990 778 3052 ab
795 3009 886 3052 uxore
904 3007 969 3054 mea
989 2989 1142 3070 lleylwiga
1159 2989 1274 3050 licentia
1290 3009 1336 3051 ac·

175 3117 183 3125 ·
230 3106 324 3180 cepta,
345 3100 484 3162 Livouiae
507 3105 602 3178 partes
622 3101 684 3162 Deo
705 3100 881 3162 militaturus
898 3101 1010 3162 intravi.
1049 3101 1112 3161 Dat.
1135 3117 1211 3160 anno
1234 3097 1336 3174 tall,

230 3211 271 3274 X.
282 3210 405 3274 Kalend.
416 3210 555 3272 Jauuar.“
566 3208 601 3284 ³).
622 3209 706 3272 Diem
720 3212 826 3270 mortis
839 3209 974 3272 novimus
991 3208 1221 3272 exCisterciensi
1231 3207 1335 3270 Meno-

230 3323 317 3403 logio,
336 3323 387 3402 qui
403 3321 540 3399 vigesima
556 3321 638 3380 tertia
650 3320 764 3380 tauuar.
781 3316 846 3398 ejus
863 3317 976 3378 beatam
987 3317 1134 3378 celebrant
1151 3319 1334 3392 memoriam,

231 3433 353 3513 quadie
375 3449 394 3492 a
413 3429 607 3492 bollandianis
635 3430 709 3490 inter
733 3427 907 3506 praemissos
930 3428 1016 3490 etiarn
1035 3420 1162 3504 ponitur.
1198 3426 1335 3488 ltlortuus

231 3543 323 3604 estin
346 3541 439 3603 insula
460 3539 565 3613 Osilia,
591 3543 704 3599 etcum
722 3536 936 3598 Dunemundae
965 3533 1064 3598 Ahbas
1087 3538 1116 3598 iu
1140 3539 1335 3598 continentem
1398 3521 1399 3588 l

184 3660 186 3663 ’
229 3651 285 3713 uiri
303 3653 392 3712 sancti
418 3668 525 3727 corpus
552 3645 703 3720 transient,
732 3650 904 3724 tempestate
929 3649 1018 3708 maris
1044 3651 1158 3720 coorta,
1186 3645 1334 3726 naulragio
1398 3625 1399 3666 l

229 3763 362 3823 vectores
378 3760 534 3838 perierunt,
550 3756 640 3818 altera
661 3775 731 3818 uero
754 3755 801 3816 die
818 3753 938 3817 Abbatls
952 3760 980 3816 et
998 3757 1136 3834 Episcopi
1153 3774 1261 3835 corpus
1280 3775 1335 3818 una

162 3853 165 3858 ¹
230 3869 414 3949 appulerunt,
435 3871 477 3940 ut,
497 3867 593 3944 quiin
612 3865 670 3928 vita
689 3878 722 3926 se
742 3864 916 3940 dilexerant,
933 3867 963 3924 in
983 3869 1076 3926 morte
1092 3884 1129 3926 ne
1143 3871 1333 3946 separentur.

219 4027 513 4046 W

213 4151 223 4168 ·
265 4129 291 4192 1)
310 4127 383 4180 uonr.
401 4125 515 4179 Sabatra
532 4121 627 4176 Annei.
647 4123 804 4176 Padarborn.
824 4123 856 4175 ad
875 4137 934 4176 auo.
953 4123 1031 4176 1222.

263 4223 290 4286 2)
309 4225 437 4278 Roioold.
455 4221 552 4274 Annei.
572 4221 604 4272 ad
624 4233 683 4272 aon.
702 4220 780 4272 1225.
799 4223 830 4274 N.
852 4219 893 4275 lt.

265 4323 293 4386 a)
311 4323 388 4374 Juxta
410 4319 522 4370 arnold.
549 4319 629 4372 Wr'oo
647 4318 675 4369 lu
692 4317 773 4380 Ligno
792 4317 845 4372 Vir.
867 4317 925 4370 libr.
944 4317 978 4371 IL
993 4331 1049 4384 cap.
1067 4317 1110 4372 dt.
1128 4333 1185 4384 pag.
1206 4319 1267 4375 ³29.
1284 4323 1333 4374 flo-

315 4417 368 4467 ruit
386 4427 453 4467 anuo
471 4409 550 4464 1200.
