2832 4828
717 301 764 370 bl

187 513 264 558 cano
295 495 361 560 Vll.
371 531 411 544 -
423 497 468 562 Ex
487 499 646 564 lndlctione
662 505 692 562 et
709 517 786 564 anno
803 496 998 572 Pontiflmtus,
1015 498 1189 560 observante
1206 495 1297 575 Psgio

187 605 216 664 tn
240 604 389 670 Breviorio
408 605 524 672 Gestor.
554 607 640 672 Rom.
659 605 811 686 eunucu,
831 611 967 688 apparet,
985 604 1060 672 banc
1082 605 1196 668 Bullam
1216 622 1297 665 anno

186 707 309 776 ldCLll.
334 702 450 788 datam,
470 715 595 795 ideoque
614 719 646 777 ct
661 714 825 794 Eugenium
842 731 1124 794 annumprorogare
1140 731 1235 792 usque
1257 713 1297 772 sd

186 817 264 881 diem
283 818 382 883 XXV.
400 819 508 886 Martii.

245 924 370 1000 Quoties
398 946 487 1010 porro
516 929 564 994 sel
592 929 726 1006 exsules,
746 930 794 994 vel
812 929 930 1012 prologi
951 930 1107 1010 Episcopi,
1136 927 1296 990 Coloniam

183 1031 287 1112 refugii
308 1036 454 1098 civitatem
475 1042 616 1118 patentes,
637 1037 831 1101 auxiliatrices
854 1039 972 1103 absente
993 1035 1041 1102 vel
1063 1037 1194 1112 nondum
1217 1054 1294 1104 con·
1317 1101 1319 1103 ,

183 1145 298 1204 secrato
308 1142 538 1226 Arcbiepiscopo
558 1150 681 1225 egerunt
689 1145 877 1208 iunctioncst
896 1145 944 1212 Sic
960 1145 1118 1216 Mamilius,
1140 1143 1170 1204 in
1186 1143 1296 1216 Tuscia

183 1251 220 1310 ad
246 1250 276 1313 S.
297 1251 500 1316 Sebastianum
528 1253 676 1334 quondam
702 1253 888 1332 Episcopus„
910 1253 990 1332 quod
1018 1255 1048 1314 in
1076 1271 1182 1331 magno
1216 1250 1296 1312 sebi·

183 1341 278 1420 curate
308 1377 385 1422 anno
407 1359 500 1446 1159,
525 1341 627 1426 eontra
647 1361 847 1424 Alexandrum
860 1429 861 1433 ,
876 1360 929 1424 111.
960 1360 1084 1422 conllato
1110 1359 1296 1422 adhaesisset

185 1468 348 1546 Antipapis,
368 1487 444 1530 anno
466 1466 567 1543 1175..
588 1467 670 1531 linito
690 1470 858 1542 certamine,
879 1467 917 1530 ab
938 1465 1105 1530 Alexandro
1130 1467 1207 1546 Papa
1238 1469 1294 1528 de-

184 1578 304 1652 positus,
316 1573 455 1638 Coloniae
475 1575 576 1638 multis
596 1578 679 1638 annis
699 1578 868 1656 supervixit,
890 1592 950 1656 quo
967 1579 1115 1654 tempore,
1134 1578 1294 1638 annuenti-

185 1681 240 1744 bus
251 1681 492 1764 Archicpiscopis,
516 1702 735 1764 nonnumquam
758 1682 932 1762 pontificalia
946 1685 1045 1746 munia
1065 1683 1173 1746 obiisse
1195 1702 1232 1744 ex
1254 1703 1294 1744 eo

185 1789 252 1850 licet
278 1789 431 1869 colligere,
459 1796 524 1853 tum
552 1793 620 1872 quia
651 1790 871 1870 Aroblepiscopi
897 1791 1088 1862 Colonienses
1115 1789 1178 1852 fere
1205 1789 1295 1852 bellis

185 1897 289 1960 ltalicis
310 1898 533 1976 occupabantur,
554 1904 584 1958 et
599 1898 759 1960 Reinaldus
778 1899 880 1960 sedem
900 1897 1104 1970 Coloniensem
1126 1899 1295 1976 quinquen·

187 2007 236 2068 nio
258 2008 321 2068 sinc
342 2009 569 2092 consecratione*
586 2006 732 2084 possedit,
754 2011 818 2068 tum
834 2007 913 2086 quod
926 2005 963 2068 ad
979 2005 1123 2077 cundem,
1144 2023 1212 2066 cum
1225 2006 1293 2084 jam

183 2115 263 2194 juxta
294 2115 325 2178 S.
347 2115 481 2176 Severird
501 2107 664 2182 Ecclesiam
684 2131 750 2176 sese
776 2113 956 2204 inclusisset,
987 2117 1083 2174 tamen
1104 2114 1200 2191 magni
1220 2131 1295 2174 con-

185 2241 289 2290 cursus
320 2222 472 2285 bominum
493 2220 556 2284 fieri
588 2225 805 2286 consueverunt
834 2221 872 2284 ad
900 2223 1140 2284 conscientiarum
1171 2239 1296 2288 suarum

108 2327 111 2335 ’
187 2349 289 2410 pacem
311 2329 492 2392 confessione
513 2329 627 2391 stallis
648 2329 684 2390 ab
705 2349 742 2392 ec
769 2330 956 2408 praescriptis
972 2330 1112 2390 remediis
1133 2307 1296 2408 impetren-

188 2442 267 2504 dam.
309 2435 499 2502 Memorabile
521 2441 582 2510 est,
605 2438 683 2516 quod
704 2457 741 2498 ex
762 2435 825 2515 ejus
846 2455 897 2498 ore
918 2443 1069 2516 acceptum
1090 2435 1179 2512 refert
1200 2438 1236 2498 de
1258 2457 1296 2500 co

187 2547 340 2614 Caesarius
380 2542 610 2608 lleisterbacens.
644 2543 709 2604 libr.
732 2543 796 2606 Vll.
831 2544 942 2624 Dialog.
973 2563 1037 2623 cap.
1067 2542 1129 2620 50,
1156 2545 1296 2606 videlicet

187 2659 266 2736 piam
288 2653 445 2740 foeminam
466 2649 604 2742 Coloniae
630 2655 774 2712 assuetam
797 2651 902 2714 indies
922 2651 1295 2732 D.Virginiquinquagies

187 2765 392 2828 salutationem
402 2760 562 2838 angelicam
578 2761 714 2832 recitare,
730 2775 798 2820 cum
818 2759 939 2820 totidem
949 2761 1057 2838 neniis,
1071 2774 1137 2824 eam
1150 2762 1295 2822 meruisse
1405 2763 1406 2778 ¹

193 2875 330 2954 gratiam,
351 2876 392 2942 ut,
414 2868 527 2947 prolato
547 2883 644 2926 sacrae
663 2865 789 2944 Virginis
810 2869 942 2938 nomine,
963 2885 998 2928 os
1018 2847 1083 2947 ejus
1101 2871 1183 2953 omui
1204 2869 1296 2932 melle
1405 2863 1406 2912 l

193 2985 223 3045 et
242 2997 359 3042 saccaro
380 2975 494 3036 dulcius
515 2974 711 3050 imbueretur3
732 2971 894 3048 Marsilium
907 2974 1096 3054 Episcopum,
1117 2995 1184 3036 cum
1206 2978 1235 3038 id
1258 2996 1296 3037 ex
1405 2991 1406 2994 ’

194 3106 229 3150 ea
250 3083 455 3162 comperisset,
479 3082 623 3142 imitatum
645 3083 799 3160 pietatem,
830 3083 908 3172 idem
930 3083 1091 3158 praemium
1114 3085 1226 3159 pictatis
1246 3103 1296 3146 re-

194 3195 314 3265 tulisse;
336 3192 371 3252 ab
392 3190 448 3252 hoc
469 3208 539 3252 vero
552 3187 751 3252 Cisterciensis
765 3187 883 3250 Ordinis
905 3188 999 3251 virum
1018 3185 1127 3270 (ipsum
1148 3191 1297 3250 credimus

193 3307 282 3370 tuisse
303 3303 480 3374 Caesarium,
501 3297 605 3358 humill
626 3297 797 3369 silentiose
819 3301 915 3374 tegere
935 3296 1067 3374 solitum)
1089 3297 1212 3364 eandem
1234 3301 1297 3376 pie·

193 3417 283 3474 tatem
305 3412 367 3490 pari
388 3409 482 3472 lructu
501 3425 535 3467 ac
551 3407 681 3484 praemio
696 3404 840 3470 didicisse,
859 3403 962 3482 Leges,
979 3403 1113 3478 velimus,
1135 3408 1182 3486 pia¹
1200 3407 1297 3484 ipsius

193 3519 319 3582 Caesarii
342 3519 406 3578 loco
426 3517 512 3576 citato
534 3507 637 3587 uerba,
658 3514 683 3574 si
704 3529 761 3572 non
782 3513 879 3588 ipsum
900 3529 974 3604 csse,
995 3514 1047 3591 qui
1067 3512 1228 3576 aldarsilio
1251 3517 1296 3576 di·
1405 3581 1406 3612 }

193 3628 273 3702 dicit,
293 3623 504 3702 deprehendas.
532 3655 566 3666 -
588 3619 686 3681 Habes
706 3619 803 3698 igitur,
824 3617 963 3680 Colonial
994 3622 1081 3682 etiam
1103 3622 1158 3682 lroo
1179 3624 1208 3684 ln
1229 3642 1296 3684 cae·

193 3736 282 3808 teris,
314 3731 419 3812 quibus
448 3729 564 3809 gloriari
591 3733 674 3806 potes
703 3727 812 3798 titulis,
843 3729 922 3804 quod
944 3729 973 3790 iu
995 3733 1023 3788 te
1045 3748 1101 3790 una
1124 3731 1160 3792 de
1182 3729 1298 3794 filiabus
1405 3751 1406 3780 ι

193 3845 251 3904 tuis
272 3842 391 3922 inuenit,
413 3839 490 3916 quod
512 3836 652 3897 totoorbe
672 3833 999 3896 celebraturboserium
1023 3838 1146 3914 Virginis
1167 3841 1297 3917 quinque

193 3948 349 4012 decadibus
380 3947 561 4016 distinctum,
593 3943 671 4021 quod
695 3943 779 4004 divus
811 3944 894 4004 Pater
915 3942 1083 4006 Dominicus
1112 3949 1141 4004 et
1162 3944 1212 4008 filii
1234 3949 1298 4026 ejus

194 4055 369 4134 triplicatum
392 4053 529 4129 deinceps
548 4051 729 4112 sanctissime
752 4053 953 4127 propagarunt.

199 4199 503 4218 W

186 4258 188 4272 '
230 4273 257 4333 u
275 4273 347 4334 tom.
366 4273 415 4326 ιιι.
438 4284 494 4335 pag.
513 4271 555 4322 aa.
