2832 4828
638 375 686 443 29

104 579 282 655 bergensem
309 574 472 647 Comitem,
501 576 553 654 qui
583 575 757 636 restitutioni
783 571 938 635 turdorum
968 569 1129 652 praedictae
1157 587 1215 631 ncn

105 682 327 762 acquiescebam
347 683 469 744 accessit
490 688 520 744 et
540 701 609 742 mox
626 681 704 742 aliud
726 699 783 742 non
807 681 872 742 leve
881 685 1062 742 momentum
1083 677 1215 740 fortunae

106 789 257 854 Comitum
278 790 411 868 Lippiae.
442 788 518 850 Nam
539 787 703 850 Bernartius
725 788 772 850 hic
792 787 970 858 Hermanno,
992 787 1136 860 filiosuo,
1159 789 1217 848 im·

107 901 233 977 petravit
253 901 370 960 unicam
387 895 478 958 filiam
486 896 644 960 witikindi
664 897 702 958 de
719 897 821 958 Rheda
839 897 1024 958 matrimonio
1030 895 1213 975 jungendam,

106 1025 254 1085 numqua
282 1006 413 1086 dynastia
440 1003 544 1068 lihede
573 1004 610 1065 ad
639 1003 768 1066 Comites
799 1003 925 1082 Lippias
949 1008 993 1066 est
1021 1003 1157 1066 devoluta
1185 1007 1215 1064 et

107 1129 260 1194 possessa,
284 1114 379 1192 quoad
399 1131 476 1174 anno
497 1111 557 1173 lere
581 1109 671 1174 1305.
693 1129 710 1172 a
729 1109 965 1190 'l'eclaleburgicis
987 1108 1149 1171 Comitibus
1170 1113 1215 1170 est

107 1225 260 1300 praerepta
281 1220 365 1282 titulo
387 1218 465 1282 teudi
486 1238 504 1280 a
525 1220 692 1294 ludovico,
714 1219 935 1281 Monosteriensi
956 1219 1122 1296 Episcopo,
1142 1216 1215 1278 olim

107 1333 227 1407 accepti,
249 1330 292 1390 uti
312 1327 437 1390 retertur
458 1329 487 1398 in
509 1327 652 1390 Chronico
672 1328 805 1405 Lippiae.
846 1325 917 1390 Post
936 1327 1008 1388 haec
1028 1341 1215 1387 consumma-

107 1445 172 1498 tum
192 1441 238 1498 ast
265 1436 368 1514 Campi
390 1437 420 1500 S.
441 1436 566 1510 Mariae,
594 1436 682 1514 vulgo
711 1434 902 1514 Moatonsold,
930 1436 1155 1509 monasterium,
1185 1438 1216 1494 et

107 1547 203 1608 eidem
226 1545 365 1608 ulteriora
384 1549 415 1606 et
434 1544 575 1624 ampliora
595 1545 746 1624 privilegia
767 1563 819 1625 per
831 1543 1042 1618 Hermannum,
1063 1543 1212 1604 Manante-

105 1655 235 1713 ricnsem
247 1639 436 1732 Episcopum,
454 1653 522 1716 data
542 1651 667 1728 luerunt,
682 1652 883 1732 praesentibus
903 1649 1065 1714 Comitihus
1085 1649 1214 1712 Hearico

107 1760 147 1819 de
168 1761 359 1833 Ravenstein‚
391 1759 509 1822 Simone
538 1758 653 1822 Comite
675 1762 712 1830 dc
733 1759 937 1838 Tecklenburg
958 1762 989 1821 et
1008 1757 1157 1820 Bernardo
1177 1755 1214 1816 de

107 1867 222 1945 Lippia.
266 1867 309 1929 lta
330 1866 465 1934 Chronic.
486 1867 551 1930 MS.
572 1868 814 1930 Marienieldense
847 1869 924 1948 apud
945 1866 1128 1932 Malinckrct.
1156 1863 1215 1926 Ta-

106 1974 195 2034 lrulas
214 1973 297 2036 affert
317 1978 404 2036 etiam
425 1975 550 2037 Schaten
570 1979 601 2039 in
621 1975 944 2038 Annalibffladerbcrn.
965 1976 1001 2037 ad
1022 1991 1090 2035 ann.
1113 1971 1214 2048 1185,

107 2100 234 2160 qararum
262 2080 334 2143 haec
364 2087 409 2144 est
436 2084 623 2162 subscriptio:
652 2084 751 2156 „Acta
779 2085 848 2144 eunt
868 2083 940 2147 haec
963 2100 1038 2144 anno
1060 2080 1096 2142 ab
1117 2083 1213 2142 incar·

106 2189 225 2250 natione
239 2189 357 2250 Domini
372 2191 528 2252 millesimo
539 2195 696 2252 centesimo
714 2193 910 2270 octuagesimo
923 2194 1035 2272 quinto,
1056 2175 1215 2251 indictione

106 2299 207 2369 tortia,
229 2297 410 2360 Praesidente
431 2298 580 2360 Romanae
601 2300 663 2360 sedi
684 2299 774 2360 Lucio
796 2297 872 2378 Papa
894 2297 963 2373 lll.,
992 2303 1128 2376 regnante
1151 2295 1214 2358 Fri·

106 2407 218 2481 dcrico,
239 2407 439 2468 Romanorum
461 2407 639 2485 Imperatore
660 2407 807 2487 Augusto,
827 2405 1026 2488 praesentibus
1045 2403 1165 2469 Clericis
1185 2409 1215 2468 et

107 2515 363 2592 Laicisfquorum
384 2514 456 2576 haec
476 2516 594 2576 nomina
614 2520 713 2576 sunt.“
754 2525 757 2532 '

181 2623 294 2682 interea
322 2619 447 2700 paralysi
462 2639 502 2684 ac
532 2641 688 2690 neruorum
715 2626 911 2686 contractione
940 2627 980 2687 ita
1008 2624 1045 2685 ad
1072 2628 1211 2685 consueta

107 2731 209 2793 munia
235 2729 371 2792 inhabilis
395 2728 428 2790 fit
454 2728 636 2804 Bernardus‚
667 2737 700 2792 ut
726 2731 826 2793 lectica
847 2732 998 2811 deportari
1017 2749 1136 2793 necesse
1159 2731 1213 2792 ha-

107 2839 223 2912 buerit3
245 2849 280 2899 'ea
301 2840 432 2916 corporis
445 2838 599 2899 'calamitas
622 2839 751 2900 animum
776 2857 829 2918 per
854 2843 973 2901 externa
999 2846 1134 2918 vagatum
1160 2839 1213 2900 do·

107 2964 192 3007 mum
211 2949 359 3009 revocavit
382 2949 412 3007 et
432 2963 533 3006 secum
557 2964 622 3006 esse
641 2949 751 3025 codglt3
780 2949 830 3026 qui
849 2947 919 3008 dum
938 2933 1065 3010 rationes
1082 2949 1213 3026 proprias

107 3053 225 3130 inspicit
245 3055 274 3113 et
294 3070 449 3132 agnoscere
466 3053 583 3130 incipit,
605 3058 719 3132 quantis
740 3055 955 3116 difficultatibus
971 3055 1127 3133 implexam
1150 3058 1213 3116 ani-

107 3179 188 3222 mam
209 3160 434 3237 gerat,·lumine
451 3153 568 3221 coelesti
589 3160 750 3222 illustratus
774 3167 804 3222 et
826 3166 939 3237 m‘otus,
961 3167 1064 3226 votum
1084 3163 1213 3224 melioris

108 3267 187 3328 vitae
203 3273 233 3328 et
249 3269 442 3346 poenitentiae
461 3269 597 3346 suscepit,
617 3273 691 3336 teste
710 3269 890 3348 Lippillorio,
908 3276 937 3332 et
957 3249 1110 3332 sanitatem
1127 3289 1214 3332 recu-

108 3378 233 3456 peravit.
277 3359 423 3437 Credibile
442 3379 495 3448 est,
515 3377 576 3437 voti
594 3379 746 3438 materiam
770 3377 860 3438 luisse
883 3380 1142 3458 peregrinationem
1159 3395 1214 3438 seu

108 3485 325 3562 expeditionem
342 3493 454 3543 sacram
471 3483 611 3546 adversus
626 3483 758 3558 infideles
775 3487 804 3546 in
821 3481 989 3561 Livoniam3
1011 3486 1041 3547 id
1056 3486 1134 3546 enim
1151 3487 1213 3563 ipse

52 3665 55 3673 Ι
108 3595 139 3653 in
154 3593 260 3652 litteris
278 3589 343 3652 urbi
358 3590 508 3668 Lippiensi
525 3591 598 3652 datis
609 3592 737 3653 indicare
754 3594 878 3668 videtur,
897 3593 946 3654 ubi
966 3595 1014 3669 ait,
1033 3611 1074 3667 se,
1097 3597 1213 3670 accepta
1247 3603 1248 3607 ’

108 3701 234 3762 abeundi
263 3703 404 3777 potestate
423 3700 460 3760 ab
483 3717 573 3774 uxore
595 3717 649 3761 sua
668 3700 814 3778 Helwiga,
838 3701 868 3762 in
888 3699 1039 3762 Livoniam
1059 3720 1124 3763 esse
1144 3719 1214 3782 pro-

108 3809 226 3872 iectum.
248 3789 345 3887 Atque
357 3808 463 3898 eodem
476 3811 608 3886 ternpore
624 3809 746 3870 arbitror
764 3810 903 3870 accidisse
920 3810 960 3883 id,
981 3811 1060 3888 quod
1076 3808 1214 3872 Albertus

108 3917 259 3980 Stadensis
278 3911 377 3991 relect,
392 3933 460 3976 eum
480 3919 510 3978 in
531 3916 632 3977 lectica
647 3917 787 3978 adversus
810 3913 911 3980 hostes
931 3936 995 3979 esse
1016 3917 1159 3988 delatum,
1185 3924 1215 3978 et
1288 3932 1291 3938 ’

108 4025 261 4089 victoriam
281 4027 456 4101 reportasse.
473 4022 609 4084 ·Sanatus
624 4026 710 4104 igitur
728 4042 744 4086 a
764 4025 826 4086 Deo
843 4031 873 4086 et
885 4027 915 4086 in
927 4028 1049 4103 patriam
1068 4043 1213 4097 reversus,

109 4136 254 4215 quantum
271 4131 384 4192 alienus
399 4129 491 4192 luerat
504 4131 540 4192 ab
558 4133 758 4193 ecclesiasticis
777 4117 855 4204 viris,
867 4135 1036 4196 tantundem
1057 4152 1107 4194 eos
1121 4132 1213 4194 hono-

109 4254 176 4303 rare
193 4245 224 4302 et
241 4237 305 4300 Deo
323 4229 435 4299 serviro
457 4239 622 4314 constituit;
643 4241 713 4318 quin
733 4242 821 4301 etiam
842 4243 914 4318 ipse,
941 4241 1040 4302 uxoris
1054 4258 1124 4301 suae
1142 4257 1212 4302 con-

110 4363 200 4408 sensu
223 4347 394 4425 impetrato,
418 4346 448 4408 in
474 4363 575 4407 eorum
602 4345 734 4408 ordinem
760 4351 804 4408 est
828 4345 990 4424 adscriptus
1011 4347 1085 4408 circa
1105 4363 1212 4410 annum
