<?xml version="1.0" encoding="UTF-8"?>
<!DOCTYPE html PUBLIC "-//W3C//DTD XHTML 1.0 Transitional//EN"
    "http://www.w3.org/TR/xhtml1/DTD/xhtml1-transitional.dtd">
<html xmlns="http://www.w3.org/1999/xhtml" xml:lang="en" lang="en">
 <head>
  <title>
</title>
<meta http-equiv="Content-Type" content="text/html;charset=utf-8" />
  <meta name='ocr-system' content='tesseract 3.04.00' />
  <meta name='ocr-capabilities' content='ocr_page ocr_carea ocr_par ocr_line ocrx_word'/>
</head>
<body>
  <div class='ocr_page' id='page_1' title='image "./suffraganeicolo00heisgoog_0045.png"; bbox 0 0 2832 4828; ppageno 0'>
   <div class='ocr_carea' id='block_1_1' title="bbox 726 383 773 453">
    <p class='ocr_par' dir='ltr' id='par_1_1' title="bbox 726 383 773 453">
     <span class='ocr_line' id='line_1_1' title="bbox 726 383 773 453; baseline -0.021 0"><span class='ocrx_word' id='word_1_1' title='bbox 726 383 773 453; x_wconf 84' lang='lat'><strong>30</strong></span> 
     </span>
    </p>
   </div>
   <div class='ocr_carea' id='block_1_2' title="bbox 199 575 1319 1734">
    <p class='ocr_par' dir='ltr' id='par_1_2' title="bbox 199 575 1319 1734">
     <span class='ocr_line' id='line_1_2' title="bbox 204 575 1303 656; baseline -0.003 -21"><span class='ocrx_word' id='word_1_2' title='bbox 204 575 292 637; x_wconf 79' lang='lat'>1195.</span> <span class='ocrx_word' id='word_1_3' title='bbox 310 575 474 640; x_wconf 80' lang='lat' dir='ltr'><strong>chronicon</strong></span> <span class='ocrx_word' id='word_1_4' title='bbox 484 583 562 640; x_wconf 90' lang='lat' dir='ltr'><strong>enirn</strong></span> <span class='ocrx_word' id='word_1_5' title='bbox 574 575 678 641; x_wconf 83' lang='lat' dir='ltr'><strong>mentis</strong></span> <span class='ocrx_word' id='word_1_6' title='bbox 693 578 788 640; x_wconf 91' lang='lat' dir='ltr'><strong>sereni</strong></span> <span class='ocrx_word' id='word_1_7' title='bbox 805 581 867 642; x_wconf 80' lang='lat' dir='ltr'><strong>site</strong></span> <span class='ocrx_word' id='word_1_8' title='bbox 878 579 1124 656; x_wconf 82' lang='lat' dir='ltr'><strong>Lauterlergense</strong></span> <span class='ocrx_word' id='word_1_9' title='bbox 1141 578 1184 637; x_wconf 87' lang='lat' dir='ltr'><strong>sic</strong></span> <span class='ocrx_word' id='word_1_10' title='bbox 1198 575 1303 636; x_wconf 83' lang='lat' dir='ltr'><strong>habet:</strong></span> 
     </span>
     <span class='ocr_line' id='line_1_3' title="bbox 203 683 1305 764; baseline -0.002 -20"><span class='ocrx_word' id='word_1_11' title='bbox 203 729 218 754; x_wconf 87' lang='lat'><strong>,.</strong></span> <span class='ocrx_word' id='word_1_12' title='bbox 228 683 392 746; x_wconf 74' lang='lat' dir='ltr'><strong>Bernartius</strong></span> <span class='ocrx_word' id='word_1_13' title='bbox 413 687 449 746; x_wconf 89' lang='lat' dir='ltr'><strong>de</strong></span> <span class='ocrx_word' id='word_1_14' title='bbox 475 687 594 764; x_wconf 88' lang='lat' dir='ltr'><strong>Lippia,</strong></span> <span class='ocrx_word' id='word_1_15' title='bbox 616 689 662 747; x_wconf 86' lang='lat' dir='ltr'><strong>vir</strong></span> <span class='ocrx_word' id='word_1_16' title='bbox 689 687 797 748; x_wconf 79' lang='lat' dir='ltr'><strong>saeculi</strong></span> <span class='ocrx_word' id='word_1_17' title='bbox 823 687 934 748; x_wconf 84' lang='lat' dir='ltr'><strong>retibus</strong></span> <span class='ocrx_word' id='word_1_18' title='bbox 961 687 1092 756; x_wconf 86' lang='lat' dir='ltr'><strong>deditus,</strong></span> <span class='ocrx_word' id='word_1_19' title='bbox 1118 688 1186 762; x_wconf 91' lang='lat' dir='ltr'><strong>post</strong></span> <span class='ocrx_word' id='word_1_20' title='bbox 1211 685 1305 744; x_wconf 79' lang='lat' dir='ltr'><strong>multe</strong></span> 
     </span>
     <span class='ocr_line' id='line_1_4' title="bbox 202 790 1306 872; baseline -0.001 -21"><span class='ocrx_word' id='word_1_21' title='bbox 202 790 291 864; x_wconf 86' lang='lat' dir='ltr'><strong>belle,</strong></span> <span class='ocrx_word' id='word_1_22' title='bbox 317 793 393 853; x_wconf 87' lang='lat' dir='ltr'><strong>inter</strong></span> <span class='ocrx_word' id='word_1_23' title='bbox 413 808 488 871; x_wconf 85' lang='lat' dir='ltr'><strong>qnee</strong></span> <span class='ocrx_word' id='word_1_24' title='bbox 507 795 616 871; x_wconf 81' lang='lat' dir='ltr'><strong>rapinis</strong></span> <span class='ocrx_word' id='word_1_25' title='bbox 639 801 668 855; x_wconf 91' lang='lat' dir='ltr'><strong>et</strong></span> <span class='ocrx_word' id='word_1_26' title='bbox 688 795 827 856; x_wconf 89' lang='lat' dir='ltr'><strong>incendiis</strong></span> <span class='ocrx_word' id='word_1_27' title='bbox 844 795 943 856; x_wconf 89' lang='lat' dir='ltr'><strong>multis</strong></span> <span class='ocrx_word' id='word_1_28' title='bbox 963 793 1119 872; x_wconf 88' lang='lat' dir='ltr'><strong>injuriosus</strong></span> <span class='ocrx_word' id='word_1_29' title='bbox 1144 794 1306 864; x_wconf 71' lang='lat' dir='ltr'><strong>exstiterat,</strong></span> 
     </span>
     <span class='ocr_line' id='line_1_5' title="bbox 201 897 1308 982; baseline 0.001 -24"><span class='ocrx_word' id='word_1_30' title='bbox 201 899 359 976; x_wconf 84' lang='lat' dir='ltr'><strong>inspirante</strong></span> <span class='ocrx_word' id='word_1_31' title='bbox 378 897 439 960; x_wconf 89' lang='lat' dir='ltr'><strong>Deo</strong></span> <span class='ocrx_word' id='word_1_32' title='bbox 457 903 554 962; x_wconf 87' lang='lat' dir='ltr'><strong>anime</strong></span> <span class='ocrx_word' id='word_1_33' title='bbox 570 901 729 982; x_wconf 87' lang='lat' dir='ltr'><strong>habituque</strong></span> <span class='ocrx_word' id='word_1_34' title='bbox 745 908 891 975; x_wconf 81' lang='lat' dir='ltr'><strong>mutatus,</strong></span> <span class='ocrx_word' id='word_1_35' title='bbox 915 905 943 964; x_wconf 97' lang='lat' dir='ltr'><strong>in</strong></span> <span class='ocrx_word' id='word_1_36' title='bbox 960 903 1083 981; x_wconf 88' lang='lat' dir='ltr'><strong>quadam</strong></span> <span class='ocrx_word' id='word_1_37' title='bbox 1100 899 1232 962; x_wconf 78' lang='lat' dir='ltr'><strong>Ecclesia</strong></span> <span class='ocrx_word' id='word_1_38' title='bbox 1253 919 1308 959; x_wconf 90' lang='lat' dir='ltr'><strong>no-</strong></span> 
     </span>
     <span class='ocr_line' id='line_1_6' title="bbox 200 1005 1309 1084; baseline 0.003 -21"><span class='ocrx_word' id='word_1_39' title='bbox 200 1005 294 1078; x_wconf 85' lang='lat' dir='ltr'><strong>vella,</strong></span> <span class='ocrx_word' id='word_1_40' title='bbox 315 1023 389 1084; x_wconf 82' lang='lat' dir='ltr'><strong>qrree</strong></span> <span class='ocrx_word' id='word_1_41' title='bbox 414 1011 548 1084; x_wconf 89' lang='lat' dir='ltr'><strong>primitus</strong></span> <span class='ocrx_word' id='word_1_42' title='bbox 567 1009 762 1071; x_wconf 79' lang='lat' dir='ltr'><strong>Hoeewinclrel</strong></span> <span class='ocrx_word' id='word_1_43' title='bbox 783 1010 947 1082; x_wconf 80' lang='lat' dir='ltr'><strong>dicebatur,</strong></span> <span class='ocrx_word' id='word_1_44' title='bbox 966 1007 1164 1071; x_wconf 87' lang='lat' dir='ltr'><strong>Cistereiensis</strong></span> <span class='ocrx_word' id='word_1_45' title='bbox 1192 1007 1309 1066; x_wconf 87' lang='lat' dir='ltr'><strong>ordinis</strong></span> 
     </span>
     <span class='ocr_line' id='line_1_7' title="bbox 201 1110 1319 1196; baseline 0 -25"><span class='ocrx_word' id='word_1_46' title='bbox 201 1110 362 1174; x_wconf 75' lang='lat' dir='ltr'><strong>Monachus</strong></span> <span class='ocrx_word' id='word_1_47' title='bbox 378 1119 422 1174; x_wconf 87' lang='lat' dir='ltr'><strong>est</strong></span> <span class='ocrx_word' id='word_1_48' title='bbox 437 1114 545 1190; x_wconf 82' lang='lat' dir='ltr'><strong>iectus,</strong></span> <span class='ocrx_word' id='word_1_49' title='bbox 564 1117 682 1178; x_wconf 88' lang='lat' dir='ltr'><strong>demum</strong></span> <span class='ocrx_word' id='word_1_50' title='bbox 701 1117 831 1196; x_wconf 80' lang='lat' dir='ltr'><strong>ejusdem</strong></span> <span class='ocrx_word' id='word_1_51' title='bbox 855 1119 910 1178; x_wconf 85' lang='lat' dir='ltr'><strong>loci</strong></span> <span class='ocrx_word' id='word_1_52' title='bbox 928 1115 1040 1189; x_wconf 83' lang='lat' dir='ltr'><strong>Abbas,</strong></span> <span class='ocrx_word' id='word_1_53' title='bbox 1061 1133 1095 1174; x_wconf 87' lang='lat' dir='ltr'><strong>ec</strong></span> <span class='ocrx_word' id='word_1_54' title='bbox 1117 1112 1225 1174; x_wconf 88' lang='lat' dir='ltr'><strong>deinde</strong></span> <span class='ocrx_word' id='word_1_55' title='bbox 1243 1113 1319 1182; x_wconf 85' lang='lat' dir='ltr'><strong>cui-¹</strong></span> 
     </span>
     <span class='ocr_line' id='line_1_8' title="bbox 200 1210 1308 1303; baseline -0.001 -24"><span class='ocrx_word' id='word_1_56' title='bbox 200 1221 265 1279; x_wconf 83' lang='lat' dir='ltr'><strong>dem</strong></span> <span class='ocrx_word' id='word_1_57' title='bbox 278 1224 445 1296; x_wconf 82' lang='lat' dir='ltr'><strong>provinciae</strong></span> <span class='ocrx_word' id='word_1_58' title='bbox 463 1225 629 1286; x_wconf 87' lang='lat' dir='ltr'><strong>Livoniensi</strong></span> <span class='ocrx_word' id='word_1_59' title='bbox 647 1227 812 1303; x_wconf 86' lang='lat' dir='ltr'><strong>Episcopus</strong></span> <span class='ocrx_word' id='word_1_60' title='bbox 830 1225 999 1298; x_wconf 84' lang='lat' dir='ltr'><strong>electus‘·¹).</strong></span> <span class='ocrx_word' id='word_1_61' title='bbox 1022 1210 1232 1299; x_wconf 80' lang='lat' dir='ltr'><strong>Resignaverat</strong></span> <span class='ocrx_word' id='word_1_62' title='bbox 1248 1221 1308 1299; x_wconf 83' lang='lat' dir='ltr'><strong>jem</strong></span> 
     </span>
     <span class='ocr_line' id='line_1_9' title="bbox 199 1323 1308 1409; baseline 0.002 -22"><span class='ocrx_word' id='word_1_63' title='bbox 199 1332 299 1402; x_wconf 84' lang='lat' dir='ltr'><strong>antee,</strong></span> <span class='ocrx_word' id='word_1_64' title='bbox 314 1335 347 1390; x_wconf 87' lang='lat' dir='ltr'><strong>ut</strong></span> <span class='ocrx_word' id='word_1_65' title='bbox 369 1331 454 1392; x_wconf 91' lang='lat' dir='ltr'><strong>docet</strong></span> <span class='ocrx_word' id='word_1_66' title='bbox 476 1332 608 1394; x_wconf 88' lang='lat' dir='ltr'><strong>Chronic.</strong></span> <span class='ocrx_word' id='word_1_67' title='bbox 621 1323 811 1408; x_wconf 70' lang='lat' dir='ltr'><strong>Ma&#39;rienield,</strong></span> <span class='ocrx_word' id='word_1_68' title='bbox 834 1334 1011 1395; x_wconf 84' lang='lat' dir='ltr'><strong>saecularem</strong></span> <span class='ocrx_word' id='word_1_69' title='bbox 1032 1331 1252 1409; x_wconf 85' lang='lat' dir='ltr'><strong>possessionem</strong></span> <span class='ocrx_word' id='word_1_70' title='bbox 1278 1330 1308 1390; x_wconf 90' lang='lat' dir='ltr'><strong>in</strong></span> 
     </span>
     <span class='ocr_line' id='line_1_10' title="bbox 200 1427 1308 1520; baseline -0.003 -23"><span class='ocrx_word' id='word_1_71' title='bbox 200 1433 410 1515; x_wconf 72' lang='lat' dir='ltr'><strong>liernennum,</strong></span> <span class='ocrx_word' id='word_1_72' title='bbox 425 1439 516 1500; x_wconf 89' lang='lat' dir='ltr'><strong>lilium</strong></span> <span class='ocrx_word' id='word_1_73' title='bbox 533 1459 619 1500; x_wconf 89' lang='lat' dir='ltr'><strong>snum</strong></span> <span class='ocrx_word' id='word_1_74' title='bbox 641 1427 714 1502; x_wconf 69' lang='lat' dir='ltr'><strong>netu⁴</strong></span> <span class='ocrx_word' id='word_1_75' title='bbox 728 1441 875 1520; x_wconf 76' lang='lat' dir='ltr'><strong>maJorem.</strong></span> <span class='ocrx_word' id='word_1_76' title='bbox 918 1443 992 1502; x_wconf 86' lang='lat' dir='ltr'><strong>Eem</strong></span> <span class='ocrx_word' id='word_1_77' title='bbox 1011 1439 1200 1502; x_wconf 77' lang='lat' dir='ltr'><strong>mutationem</strong></span> <span class='ocrx_word' id='word_1_78' title='bbox 1214 1453 1308 1513; x_wconf 86' lang='lat' dir='ltr'><strong>quem</strong></span> 
     </span>
     <span class='ocr_line' id='line_1_11' title="bbox 200 1542 1307 1625; baseline -0.003 -20"><span class='ocrx_word' id='word_1_79' title='bbox 200 1544 346 1622; x_wconf 74' lang='lat' dir='ltr'><strong>praeclare</strong></span> <span class='ocrx_word' id='word_1_80' title='bbox 363 1548 515 1625; x_wconf 81' lang='lat' dir='ltr'><strong>descripsit</strong></span> <span class='ocrx_word' id='word_1_81' title='bbox 531 1547 675 1610; x_wconf 80' lang='lat' dir='ltr'><strong>entedtlll.</strong></span> <span class='ocrx_word' id='word_1_82' title='bbox 695 1549 937 1622; x_wconf 85' lang='lat' dir='ltr'><strong>annoslustinus,</strong></span> <span class='ocrx_word' id='word_1_83' title='bbox 958 1545 1122 1624; x_wconf 79' lang='lat' dir='ltr'><strong>Lippienris</strong></span> <span class='ocrx_word' id='word_1_84' title='bbox 1139 1542 1307 1622; x_wconf 76' lang='lat' dir='ltr'><strong>Presbyter,</strong></span> 
     </span>
     <span class='ocr_line' id='line_1_12' title="bbox 199 1653 1059 1734; baseline 0.001 -21"><span class='ocrx_word' id='word_1_85' title='bbox 199 1657 341 1728; x_wconf 83' lang='lat' dir='ltr'><strong>carmine,</strong></span> <span class='ocrx_word' id='word_1_86' title='bbox 359 1653 441 1734; x_wconf 88' lang='lat' dir='ltr'><strong>cujus</strong></span> <span class='ocrx_word' id='word_1_87' title='bbox 458 1658 611 1719; x_wconf 91' lang='lat' dir='ltr'><strong>nonnullos</strong></span> <span class='ocrx_word' id='word_1_88' title='bbox 626 1675 729 1720; x_wconf 88' lang='lat' dir='ltr'><strong>versus</strong></span> <span class='ocrx_word' id='word_1_89' title='bbox 747 1657 795 1719; x_wconf 89' lang='lat' dir='ltr'><strong>hic</strong></span> <span class='ocrx_word' id='word_1_90' title='bbox 810 1659 880 1719; x_wconf 88' lang='lat' dir='ltr'><strong>dare</strong></span> <span class='ocrx_word' id='word_1_91' title='bbox 900 1659 968 1718; x_wconf 83' lang='lat' dir='ltr'><strong>setis</strong></span> <span class='ocrx_word' id='word_1_92' title='bbox 988 1657 1059 1716; x_wconf 70' lang='lat' dir='ltr'><strong>erite</strong></span> 
     </span>
    </p>
   </div>
   <div class='ocr_carea' id='block_1_3' title="bbox 235 1779 1269 3655">
    <p class='ocr_par' dir='ltr' id='par_1_3' title="bbox 235 1779 1269 3655">
     <span class='ocr_line' id='line_1_13' title="bbox 313 1779 1035 1854; baseline -0.006 -12"><span class='ocrx_word' id='word_1_93' title='bbox 313 1779 315 1786; x_wconf 72' lang='grc'><strong>’</strong></span> <span class='ocrx_word' id='word_1_94' title='bbox 349 1791 415 1842; x_wconf 86' lang='lat' dir='ltr'><strong>Tum</strong></span> <span class='ocrx_word' id='word_1_95' title='bbox 434 1790 493 1852; x_wconf 87' lang='lat' dir='ltr'><strong>pius</strong></span> <span class='ocrx_word' id='word_1_96' title='bbox 513 1791 558 1840; x_wconf 90' lang='lat' dir='ltr'><strong>ille</strong></span> <span class='ocrx_word' id='word_1_97' title='bbox 576 1787 659 1842; x_wconf 72' lang='lat' dir='ltr'><strong>senen</strong></span> <span class='ocrx_word' id='word_1_98' title='bbox 673 1791 702 1841; x_wconf 91' lang='lat' dir='ltr'><strong>tlt</strong></span> <span class='ocrx_word' id='word_1_99' title='bbox 719 1791 825 1843; x_wconf 83' lang='lat' dir='ltr'><strong>victime</strong></span> <span class='ocrx_word' id='word_1_100' title='bbox 843 1803 919 1854; x_wconf 81' lang='lat' dir='ltr'><strong>pure,</strong></span> <span class='ocrx_word' id='word_1_101' title='bbox 938 1787 1035 1840; x_wconf 87' lang='lat' dir='ltr'><strong>relictis</strong></span> 
     </span>
     <span class='ocr_line' id='line_1_14' title="bbox 262 1859 1038 1949; baseline -0.01 -10"><span class='ocrx_word' id='word_1_102' title='bbox 262 1859 300 1914; x_wconf 45' lang='lat'><strong>¹·</strong></span> <span class='ocrx_word' id='word_1_103' title='bbox 357 1917 360 1924; x_wconf 39' lang='grc' dir='ltr'><strong><em>ι</em></strong></span> <span class='ocrx_word' id='word_1_104' title='bbox 433 1862 532 1939; x_wconf 83' lang='lat' dir='ltr'><strong>Mundo</strong></span> <span class='ocrx_word' id='word_1_105' title='bbox 549 1887 695 1949; x_wconf 81' lang='lat' dir='ltr'><strong>possessis,</strong></span> <span class='ocrx_word' id='word_1_106' title='bbox 714 1863 833 1946; x_wconf 77' lang='lat' dir='ltr'><strong>conjuge.</strong></span> <span class='ocrx_word' id='word_1_107' title='bbox 853 1883 941 1947; x_wconf 89' lang='lat' dir='ltr'><strong>prole,</strong></span> <span class='ocrx_word' id='word_1_108' title='bbox 961 1861 1038 1934; x_wconf 84' lang='lat' dir='ltr'><strong>tribu.</strong></span> 
     </span>
     <span class='ocr_line' id='line_1_15' title="bbox 235 1967 1036 2042; baseline -0.01 -7"><span class='ocrx_word' id='word_1_109' title='bbox 235 1967 238 1974; x_wconf 22' lang='grc' dir='ltr'><strong>Δ</strong></span> <span class='ocrx_word' id='word_1_110' title='bbox 280 1969 304 1978; x_wconf 64' lang='grc'><strong>”</strong></span> <span class='ocrx_word' id='word_1_111' title='bbox 335 1987 384 2035; x_wconf 73' lang='lat' dir='ltr'><strong>Et</strong></span> <span class='ocrx_word' id='word_1_112' title='bbox 397 1981 501 2032; x_wconf 83' lang='lat' dir='ltr'><strong>cunctis</strong></span> <span class='ocrx_word' id='word_1_113' title='bbox 520 1981 585 2031; x_wconf 86' lang='lat' dir='ltr'><strong>bene</strong></span> <span class='ocrx_word' id='word_1_114' title='bbox 603 1980 738 2042; x_wconf 88' lang='lat' dir='ltr'><strong>dispositis</strong></span> <span class='ocrx_word' id='word_1_115' title='bbox 756 1977 848 2035; x_wconf 82' lang='lat' dir='ltr'><strong>rebus,</strong></span> <span class='ocrx_word' id='word_1_116' title='bbox 868 1977 941 2029; x_wconf 84' lang='lat' dir='ltr'><strong>loeus</strong></span> <span class='ocrx_word' id='word_1_117' title='bbox 960 1983 1036 2041; x_wconf 83' lang='lat' dir='ltr'><strong>aptus</strong></span> 
     </span>
     <span class='ocr_line' id='line_1_16' title="bbox 254 2075 915 2149; baseline -0.005 -19"><span class='ocrx_word' id='word_1_118' title='bbox 254 2139 259 2149; x_wconf 29' lang='grc' dir='ltr'>ι</span> <span class='ocrx_word' id='word_1_119' title='bbox 359 2099 362 2106; x_wconf 57' lang='grc'><em>’</em></span> <span class='ocrx_word' id='word_1_120' title='bbox 432 2076 584 2138; x_wconf 64' lang='lat' dir='ltr'><strong>ledaeum,</strong></span> <span class='ocrx_word' id='word_1_121' title='bbox 602 2075 647 2124; x_wconf 82' lang='lat' dir='ltr'><strong>utri</strong></span> <span class='ocrx_word' id='word_1_122' title='bbox 665 2076 759 2128; x_wconf 77' lang='lat' dir='ltr'><strong>serviet</strong></span> <span class='ocrx_word' id='word_1_123' title='bbox 777 2075 833 2136; x_wconf 87' lang='lat' dir='ltr'><strong>ipse</strong></span> <span class='ocrx_word' id='word_1_124' title='bbox 852 2075 915 2128; x_wconf 84' lang='lat' dir='ltr'><strong>neo.</strong></span> 
     </span>
     <span class='ocr_line' id='line_1_17' title="bbox 309 2166 1105 2232; baseline -0.013 -7"><span class='ocrx_word' id='word_1_125' title='bbox 309 2172 312 2177; x_wconf 85' lang='grc'><strong>’</strong></span> <span class='ocrx_word' id='word_1_126' title='bbox 347 2172 450 2224; x_wconf 73' lang='lat' dir='ltr'><strong>Manem</strong></span> <span class='ocrx_word' id='word_1_127' title='bbox 469 2183 543 2220; x_wconf 85' lang='lat' dir='ltr'><strong>secra</strong></span> <span class='ocrx_word' id='word_1_128' title='bbox 560 2169 659 2232; x_wconf 86' lang='lat' dir='ltr'><strong>placet,</strong></span> <span class='ocrx_word' id='word_1_129' title='bbox 678 2182 744 2232; x_wconf 82' lang='lat' dir='ltr'><strong>quae</strong></span> <span class='ocrx_word' id='word_1_130' title='bbox 763 2181 871 2232; x_wconf 84' lang='lat' dir='ltr'><strong>campus</strong></span> <span class='ocrx_word' id='word_1_131' title='bbox 889 2166 1004 2232; x_wconf 75' lang='lat' dir='ltr'><strong>Virginis</strong></span> <span class='ocrx_word' id='word_1_132' title='bbox 1022 2167 1105 2216; x_wconf 86' lang='lat' dir='ltr'><strong>almae</strong></span> 
     </span>
     <span class='ocr_line' id='line_1_18' title="bbox 420 2264 951 2326; baseline -0.004 -12"><span class='ocrx_word' id='word_1_133' title='bbox 420 2266 548 2326; x_wconf 67' lang='lat' dir='ltr'><strong>Eicitur,</strong></span> <span class='ocrx_word' id='word_1_134' title='bbox 567 2265 609 2316; x_wconf 84' lang='lat' dir='ltr'><strong>lrie</strong></span> <span class='ocrx_word' id='word_1_135' title='bbox 627 2265 701 2316; x_wconf 86' lang='lat' dir='ltr'><strong>deret</strong></span> <span class='ocrx_word' id='word_1_136' title='bbox 718 2264 860 2326; x_wconf 77' lang='lat' dir='ltr'><strong>relligionis</strong></span> <span class='ocrx_word' id='word_1_137' title='bbox 879 2276 951 2326; x_wconf 80' lang='lat' dir='ltr'><strong>apen.</strong></span> 
     </span>
     <span class='ocr_line' id='line_1_19' title="bbox 348 2347 1190 2430; baseline -0.008 -16"><span class='ocrx_word' id='word_1_138' title='bbox 348 2363 399 2414; x_wconf 84' lang='lat' dir='ltr'><strong>llic</strong></span> <span class='ocrx_word' id='word_1_139' title='bbox 417 2362 532 2414; x_wconf 82' lang='lat' dir='ltr'><strong>habitum</strong></span> <span class='ocrx_word' id='word_1_140' title='bbox 551 2360 627 2410; x_wconf 90' lang='lat' dir='ltr'><strong>miles</strong></span> <span class='ocrx_word' id='word_1_141' title='bbox 648 2363 746 2410; x_wconf 88' lang='lat' dir='ltr'><strong>mutat:</strong></span> <span class='ocrx_word' id='word_1_142' title='bbox 765 2358 794 2408; x_wconf 84' lang='lat' dir='ltr'><strong>ut</strong></span> <span class='ocrx_word' id='word_1_143' title='bbox 812 2347 932 2422; x_wconf 79' lang='lat' dir='ltr'><strong>corpore,</strong></span> <span class='ocrx_word' id='word_1_144' title='bbox 951 2363 1050 2412; x_wconf 88' lang='lat' dir='ltr'><strong>mente,</strong></span> <span class='ocrx_word' id='word_1_145' title='bbox 1066 2407 1089 2430; x_wconf 23' lang='grc' dir='ltr'><strong>Ι,</strong></span> <span class='ocrx_word' id='word_1_146' title='bbox 1187 2349 1190 2354; x_wconf 85' lang='grc'><strong>’</strong></span> 
     </span>
     <span class='ocr_line' id='line_1_20' title="bbox 435 2421 1269 2516; baseline -0.01 -11"><span class='ocrx_word' id='word_1_147' title='bbox 435 2455 516 2510; x_wconf 86' lang='lat' dir='ltr'><strong>Vita,</strong></span> <span class='ocrx_word' id='word_1_148' title='bbox 531 2468 582 2504; x_wconf 93' lang='lat' dir='ltr'><strong>non</strong></span> <span class='ocrx_word' id='word_1_149' title='bbox 601 2453 686 2506; x_wconf 88' lang='lat' dir='ltr'><strong>solum</strong></span> <span class='ocrx_word' id='word_1_150' title='bbox 703 2453 833 2509; x_wconf 77' lang='lat' dir='ltr'><strong>vestibus,</strong></span> <span class='ocrx_word' id='word_1_151' title='bbox 852 2452 917 2516; x_wconf 78' lang='lat' dir='ltr'><strong>ulter</strong></span> <span class='ocrx_word' id='word_1_152' title='bbox 934 2431 1017 2500; x_wconf 82' lang='lat' dir='ltr'><strong>homo.</strong></span> <span class='ocrx_word' id='word_1_153' title='bbox 1264 2421 1269 2432; x_wconf 46' lang='lat'>&#39;</span> 
     </span>
     <span class='ocr_line' id='line_1_21' title="bbox 349 2531 1109 2608; baseline -0.013 -6"><span class='ocrx_word' id='word_1_154' title='bbox 349 2552 421 2602; x_wconf 78' lang='lat' dir='ltr'><strong>Aure</strong></span> <span class='ocrx_word' id='word_1_155' title='bbox 441 2558 517 2600; x_wconf 86' lang='lat' dir='ltr'><strong>tenus</strong></span> <span class='ocrx_word' id='word_1_156' title='bbox 535 2561 608 2600; x_wconf 85' lang='lat' dir='ltr'><strong>rome</strong></span> <span class='ocrx_word' id='word_1_157' title='bbox 626 2531 746 2597; x_wconf 78' lang='lat' dir='ltr'><strong>tondetur</strong></span> <span class='ocrx_word' id='word_1_158' title='bbox 764 2531 907 2608; x_wconf 78' lang='lat' dir='ltr'><strong>capitisque</strong></span> <span class='ocrx_word' id='word_1_159' title='bbox 926 2545 1013 2606; x_wconf 86' lang='lat' dir='ltr'><strong>capilli</strong></span> <span class='ocrx_word' id='word_1_160' title='bbox 1031 2555 1034 2562; x_wconf 92' lang='grc'><strong><em>·</em></strong></span> <span class='ocrx_word' id='word_1_161' title='bbox 1106 2557 1109 2564; x_wconf 78' lang='grc'><strong><em>’</em></strong></span> 
     </span>
     <span class='ocr_line' id='line_1_22' title="bbox 344 2617 985 2702; baseline -0.011 -7"><span class='ocrx_word' id='word_1_162' title='bbox 344 2637 351 2661; x_wconf 58' lang='grc'><em>“</em></span> <span class='ocrx_word' id='word_1_163' title='bbox 381 2619 389 2676; x_wconf 90' lang='lat'><strong>.&#39;</strong></span> <span class='ocrx_word' id='word_1_164' title='bbox 410 2637 414 2648; x_wconf 82' lang='lat'>&#39;</span> <span class='ocrx_word' id='word_1_165' title='bbox 433 2635 581 2700; x_wconf 78' lang='lat' dir='ltr'><strong>ll&#39;aduntur,</strong></span> <span class='ocrx_word' id='word_1_166' title='bbox 600 2623 680 2692; x_wconf 85' lang='lat' dir='ltr'><strong>nudat</strong></span> <span class='ocrx_word' id='word_1_167' title='bbox 698 2641 765 2692; x_wconf 78' lang='lat' dir='ltr'><strong>laete</strong></span> <span class='ocrx_word' id='word_1_168' title='bbox 783 2627 877 2690; x_wconf 83' lang='lat' dir='ltr'><strong>corone</strong></span> <span class='ocrx_word' id='word_1_169' title='bbox 895 2617 985 2702; x_wconf 61' lang='lat' dir='ltr'><strong>caput,</strong></span> 
     </span>
     <span class='ocr_line' id='line_1_23' title="bbox 258 2729 1068 2799; baseline -0.007 -10"><span class='ocrx_word' id='word_1_170' title='bbox 258 2729 262 2738; x_wconf 88' lang='grc'>’</span> <span class='ocrx_word' id='word_1_171' title='bbox 349 2730 436 2790; x_wconf 78' lang='lat' dir='ltr'><strong>Vestis</strong></span> <span class='ocrx_word' id='word_1_172' title='bbox 456 2739 525 2799; x_wconf 80' lang='lat' dir='ltr'><strong>large</strong></span> <span class='ocrx_word' id='word_1_173' title='bbox 544 2737 606 2799; x_wconf 76' lang='lat' dir='ltr'><strong>tegit</strong></span> <span class='ocrx_word' id='word_1_174' title='bbox 624 2748 733 2799; x_wconf 90' lang='lat' dir='ltr'><strong>cerpus,</strong></span> <span class='ocrx_word' id='word_1_175' title='bbox 752 2741 828 2797; x_wconf 84' lang='lat' dir='ltr'><strong>ceput</strong></span> <span class='ocrx_word' id='word_1_176' title='bbox 845 2733 931 2797; x_wconf 85' lang='lat' dir='ltr'><strong>empta</strong></span> <span class='ocrx_word' id='word_1_177' title='bbox 949 2731 1068 2788; x_wconf 78' lang='lat' dir='ltr'><strong>cuculle,</strong></span> 
     </span>
     <span class='ocr_line' id='line_1_24' title="bbox 433 2828 1005 2896; baseline -0.012 -12"><span class='ocrx_word' id='word_1_178' title='bbox 433 2834 534 2896; x_wconf 78' lang='lat' dir='ltr'><strong>Aspera</strong></span> <span class='ocrx_word' id='word_1_179' title='bbox 553 2833 612 2882; x_wconf 83' lang='lat' dir='ltr'><strong>lena</strong></span> <span class='ocrx_word' id='word_1_180' title='bbox 631 2831 724 2894; x_wconf 79' lang='lat' dir='ltr'><strong>premit</strong></span> <span class='ocrx_word' id='word_1_181' title='bbox 741 2829 891 2880; x_wconf 77' lang='lat' dir='ltr'><strong>immediata</strong></span> <span class='ocrx_word' id='word_1_182' title='bbox 908 2828 1005 2878; x_wconf 79' lang='lat' dir='ltr'><strong>entem&#39;</strong></span> 
     </span>
     <span class='ocr_line' id='line_1_25' title="bbox 349 2922 1040 3002; baseline -0.013 -21"><span class='ocrx_word' id='word_1_183' title='bbox 349 2931 382 2981; x_wconf 90' lang='lat' dir='ltr'><strong>Se</strong></span> <span class='ocrx_word' id='word_1_184' title='bbox 400 2935 482 2980; x_wconf 84' lang='lat' dir='ltr'><strong>toturn</strong></span> <span class='ocrx_word' id='word_1_185' title='bbox 501 2927 611 2980; x_wconf 86' lang='lat' dir='ltr'><strong>llomino</strong></span> <span class='ocrx_word' id='word_1_186' title='bbox 629 2931 731 3002; x_wconf 63' lang='lat' dir='ltr'><strong>mactat¹</strong></span> <span class='ocrx_word' id='word_1_187' title='bbox 743 2936 899 2986; x_wconf 75' lang='lat' dir='ltr'><strong>carnemque</strong></span> <span class='ocrx_word' id='word_1_188' title='bbox 916 2922 1040 2990; x_wconf 78' lang='lat' dir='ltr'><strong>rebellem</strong></span> 
     </span>
     <span class='ocr_line' id='line_1_26' title="bbox 430 3019 1028 3092; baseline -0.012 -19"><span class='ocrx_word' id='word_1_189' title='bbox 430 3022 537 3085; x_wconf 86' lang='lat' dir='ltr'><strong>Spiritui</strong></span> <span class='ocrx_word' id='word_1_190' title='bbox 555 3021 635 3072; x_wconf 85' lang='lat' dir='ltr'><strong>vestis</strong></span> <span class='ocrx_word' id='word_1_191' title='bbox 657 3019 795 3082; x_wconf 83' lang='lat' dir='ltr'><strong>asperitate</strong></span> <span class='ocrx_word' id='word_1_192' title='bbox 813 3019 909 3071; x_wconf 86' lang='lat' dir='ltr'><strong>domet.</strong></span> <span class='ocrx_word' id='word_1_193' title='bbox 1022 3085 1028 3092; x_wconf 95' lang='lat'><em>.</em></span> 
     </span>
     <span class='ocr_line' id='line_1_27' title="bbox 317 3111 990 3188; baseline -0.01 -19"><span class='ocrx_word' id='word_1_194' title='bbox 317 3183 319 3188; x_wconf 68' lang='lat'><strong>,</strong></span> <span class='ocrx_word' id='word_1_195' title='bbox 347 3119 494 3180; x_wconf 84' lang='lat' dir='ltr'><strong>Scripturas</strong></span> <span class='ocrx_word' id='word_1_196' title='bbox 512 3115 615 3178; x_wconf 74' lang='lat' dir='ltr'><strong>relegit,</strong></span> <span class='ocrx_word' id='word_1_197' title='bbox 633 3113 748 3176; x_wconf 83' lang='lat' dir='ltr'><strong>neglecte</strong></span> <span class='ocrx_word' id='word_1_198' title='bbox 766 3111 811 3161; x_wconf 89' lang='lat' dir='ltr'><strong>diu</strong></span> <span class='ocrx_word' id='word_1_199' title='bbox 823 3111 946 3172; x_wconf 68' lang='lat' dir='ltr'><strong>,studiosa</strong></span> <span class='ocrx_word' id='word_1_200' title='bbox 986 3147 990 3154; x_wconf 73' lang='lat'><strong>,</strong></span> 
     </span>
     <span class='ocr_line' id='line_1_28' title="bbox 430 3205 1064 3270; baseline -0.009 -8"><span class='ocrx_word' id='word_1_201' title='bbox 430 3213 507 3262; x_wconf 83' lang='lat' dir='ltr'><strong>Mens</strong></span> <span class='ocrx_word' id='word_1_202' title='bbox 525 3209 640 3266; x_wconf 81' lang='lat' dir='ltr'><strong>redimit,</strong></span> <span class='ocrx_word' id='word_1_203' title='bbox 660 3207 762 3270; x_wconf 85' lang='lat' dir='ltr'><strong>supplet</strong></span> <span class='ocrx_word' id='word_1_204' title='bbox 780 3205 926 3258; x_wconf 84' lang='lat' dir='ltr'><strong>sollicitudo</strong></span> <span class='ocrx_word' id='word_1_205' title='bbox 945 3205 1064 3268; x_wconf 77' lang='lat' dir='ltr'><strong>frequens</strong></span> 
     </span>
     <span class='ocr_line' id='line_1_29' title="bbox 348 3301 1167 3367; baseline -0.011 -8"><span class='ocrx_word' id='word_1_206' title='bbox 348 3309 474 3362; x_wconf 76' lang='lat' dir='ltr'><strong>Poenam.</strong></span> <span class='ocrx_word' id='word_1_207' title='bbox 491 3307 564 3367; x_wconf 82' lang='lat' dir='ltr'><strong>jura.</strong></span> <span class='ocrx_word' id='word_1_208' title='bbox 584 3305 671 3356; x_wconf 80' lang='lat' dir='ltr'><strong>netes:</strong></span> <span class='ocrx_word' id='word_1_209' title='bbox 691 3308 856 3358; x_wconf 87' lang='lat' dir='ltr'><strong>mensuetus,</strong></span> <span class='ocrx_word' id='word_1_210' title='bbox 872 3301 973 3362; x_wconf 82' lang='lat' dir='ltr'><strong>justus,</strong></span> <span class='ocrx_word' id='word_1_211' title='bbox 991 3301 1114 3351; x_wconf 88' lang='lat' dir='ltr'><strong>honestus</strong></span> <span class='ocrx_word' id='word_1_212' title='bbox 1166 3303 1167 3307; x_wconf 77' lang='grc'>’</span> 
     </span>
     <span class='ocr_line' id='line_1_30' title="bbox 433 3396 1128 3464; baseline -0.012 -11"><span class='ocrx_word' id='word_1_213' title='bbox 433 3405 506 3460; x_wconf 84' lang='lat' dir='ltr'><strong>Fert,</strong></span> <span class='ocrx_word' id='word_1_214' title='bbox 525 3399 626 3464; x_wconf 89' lang='lat' dir='ltr'><strong>pendit.</strong></span> <span class='ocrx_word' id='word_1_215' title='bbox 646 3402 774 3453; x_wconf 88' lang='lat' dir='ltr'><strong>removet,</strong></span> <span class='ocrx_word' id='word_1_216' title='bbox 795 3409 914 3458; x_wconf 89' lang='lat' dir='ltr'><strong>corpere,</strong></span> <span class='ocrx_word' id='word_1_217' title='bbox 933 3396 1022 3453; x_wconf 81' lang='lat' dir='ltr'><strong>eorde,</strong></span> <span class='ocrx_word' id='word_1_218' title='bbox 1042 3409 1128 3446; x_wconf 89' lang='lat' dir='ltr'><strong>manu.</strong></span> 
     </span>
     <span class='ocr_line' id='line_1_31' title="bbox 241 3481 984 3560; baseline -0.013 -10"><span class='ocrx_word' id='word_1_219' title='bbox 241 3511 243 3514; x_wconf 71' lang='grc'>’</span> <span class='ocrx_word' id='word_1_220' title='bbox 269 3489 271 3494; x_wconf 70' lang='grc'><strong>’</strong></span> <span class='ocrx_word' id='word_1_221' title='bbox 327 3515 328 3524; x_wconf 54' lang='lat'>¹</span> <span class='ocrx_word' id='word_1_222' title='bbox 346 3499 462 3560; x_wconf 70' lang='lat' dir='ltr'><strong>ieiunet,</strong></span> <span class='ocrx_word' id='word_1_223' title='bbox 481 3481 582 3558; x_wconf 74' lang='lat' dir='ltr'><strong>vigilat,</strong></span> <span class='ocrx_word' id='word_1_224' title='bbox 600 3493 704 3556; x_wconf 74' lang='lat' dir='ltr'><strong>psallit,</strong></span> <span class='ocrx_word' id='word_1_225' title='bbox 723 3491 909 3554; x_wconf 89' lang='lat' dir='ltr'><strong>prosternitur,</strong></span> <span class='ocrx_word' id='word_1_226' title='bbox 927 3496 984 3540; x_wconf 85' lang='lat' dir='ltr'><strong>orat</strong></span> 
     </span>
     <span class='ocr_line' id='line_1_32' title="bbox 432 3585 1102 3655; baseline -0.009 -13"><span class='ocrx_word' id='word_1_227' title='bbox 432 3591 465 3642; x_wconf 86' lang='lat' dir='ltr'><strong>Et</strong></span> <span class='ocrx_word' id='word_1_228' title='bbox 483 3589 601 3655; x_wconf 73' lang='lat' dir='ltr'><strong>peragit,</strong></span> <span class='ocrx_word' id='word_1_229' title='bbox 613 3587 740 3651; x_wconf 79' lang='lat' dir='ltr'><strong>quidquid</strong></span> <span class='ocrx_word' id='word_1_230' title='bbox 758 3587 845 3650; x_wconf 78' lang='lat' dir='ltr'><strong>regula</strong></span> <span class='ocrx_word' id='word_1_231' title='bbox 864 3599 938 3638; x_wconf 86' lang='lat' dir='ltr'><strong>saera</strong></span> <span class='ocrx_word' id='word_1_232' title='bbox 953 3585 1034 3647; x_wconf 83' lang='lat' dir='ltr'><strong>iubet.</strong></span> <span class='ocrx_word' id='word_1_233' title='bbox 1053 3592 1102 3638; x_wconf 88' lang='lat' dir='ltr'><strong>ete.</strong></span> 
     </span>
    </p>
   </div>
   <div class='ocr_carea' id='block_1_4' title="bbox 98 3713 1317 4124">
    <p class='ocr_par' dir='ltr' id='par_1_4' title="bbox 98 3713 1317 4124">
     <span class='ocr_line' id='line_1_33' title="bbox 260 3713 1302 3802; baseline -0.003 -13"><span class='ocrx_word' id='word_1_234' title='bbox 260 3728 370 3789; x_wconf 82' lang='lat' dir='ltr'><strong>Accidit</strong></span> <span class='ocrx_word' id='word_1_235' title='bbox 384 3745 441 3787; x_wconf 95' lang='lat' dir='ltr'><strong>non</strong></span> <span class='ocrx_word' id='word_1_236' title='bbox 459 3725 551 3786; x_wconf 91' lang='lat' dir='ltr'><strong>multo</strong></span> <span class='ocrx_word' id='word_1_237' title='bbox 571 3727 639 3802; x_wconf 87' lang='lat' dir='ltr'><strong>post</strong></span> <span class='ocrx_word' id='word_1_238' title='bbox 655 3721 726 3784; x_wconf 80' lang='lat' dir='ltr'><strong>haec</strong></span> <span class='ocrx_word' id='word_1_239' title='bbox 742 3728 882 3800; x_wconf 85' lang='lat' dir='ltr'><strong>tempera,</strong></span> <span class='ocrx_word' id='word_1_240' title='bbox 899 3713 932 3783; x_wconf 83' lang='lat' dir='ltr'><strong>ut</strong></span> <span class='ocrx_word' id='word_1_241' title='bbox 946 3723 1090 3787; x_wconf 79' lang='lat' dir='ltr'><strong>Venereb,</strong></span> <span class='ocrx_word' id='word_1_242' title='bbox 1100 3721 1254 3784; x_wconf 89' lang='lat' dir='ltr'><strong>Meinardo</strong></span> <span class='ocrx_word' id='word_1_243' title='bbox 1267 3727 1302 3800; x_wconf 91' lang='lat' dir='ltr'><strong>l.,</strong></span> 
     </span>
     <span class='ocr_line' id='line_1_34' title="bbox 98 3825 1302 3913; baseline -0.007 -13"><span class='ocrx_word' id='word_1_244' title='bbox 98 3865 100 3868; x_wconf 94' lang='lat'>·</span> <span class='ocrx_word' id='word_1_245' title='bbox 198 3839 334 3900; x_wconf 78' lang='lat' dir='ltr'><strong>Liuoniee</strong></span> <span class='ocrx_word' id='word_1_246' title='bbox 361 3833 503 3912; x_wconf 77' lang='lat' dir='ltr'><strong>Apostolo</strong></span> <span class='ocrx_word' id='word_1_247' title='bbox 525 3838 554 3894; x_wconf 88' lang='lat' dir='ltr'><strong>et</strong></span> <span class='ocrx_word' id='word_1_248' title='bbox 572 3831 719 3910; x_wconf 89' lang='lat' dir='ltr'><strong>Episcopo</strong></span> <span class='ocrx_word' id='word_1_249' title='bbox 749 3825 938 3913; x_wconf 88' lang='lat' dir='ltr'><strong>deiuncto.²)‚</strong></span> <span class='ocrx_word' id='word_1_250' title='bbox 970 3831 1138 3890; x_wconf 83' lang='lat' dir='ltr'><strong>succederet</strong></span> <span class='ocrx_word' id='word_1_251' title='bbox 1168 3832 1197 3890; x_wconf 89' lang='lat' dir='ltr'><strong>in</strong></span> <span class='ocrx_word' id='word_1_252' title='bbox 1226 3833 1302 3909; x_wconf 90' lang='lat' dir='ltr'><strong>Epi·</strong></span> 
     </span>
     <span class='ocr_line' id='line_1_35' title="bbox 197 3926 1317 4024; baseline -0.006 -16"><span class='ocrx_word' id='word_1_253' title='bbox 197 3951 347 4024; x_wconf 88' lang='lat' dir='ltr'><strong>scopatum</strong></span> <span class='ocrx_word' id='word_1_254' title='bbox 368 3940 544 4004; x_wconf 85' lang='lat' dir='ltr'><strong>Berlholdus</strong></span> <span class='ocrx_word' id='word_1_255' title='bbox 564 3939 727 4000; x_wconf 87' lang='lat' dir='ltr'><strong>Luckensis</strong></span> <span class='ocrx_word' id='word_1_256' title='bbox 744 3957 780 3998; x_wconf 86' lang='lat' dir='ltr'><strong>ex</strong></span> <span class='ocrx_word' id='word_1_257' title='bbox 798 3936 908 3998; x_wconf 90' lang='lat' dir='ltr'><strong>Ordine</strong></span> <span class='ocrx_word' id='word_1_258' title='bbox 923 3937 1117 4012; x_wconf 75' lang='lat' dir='ltr'><strong>cisterciensi,</strong></span> <span class='ocrx_word' id='word_1_259' title='bbox 1127 3931 1226 3998; x_wconf 80' lang='lat' dir='ltr'><strong>Abbes</strong></span> <span class='ocrx_word' id='word_1_260' title='bbox 1245 3926 1317 4001; x_wconf 63' lang='grc' dir='ltr'><strong>3111)Δ</strong></span> 
     </span>
     <span class='ocr_line' id='line_1_36' title="bbox 198 4025 1311 4124; baseline -0.006 -9"><span class='ocrx_word' id='word_1_261' title='bbox 198 4051 362 4116; x_wconf 82' lang='lat' dir='ltr'><strong>Coelesiino</strong></span> <span class='ocrx_word' id='word_1_262' title='bbox 381 4025 433 4112; x_wconf 74' lang='lat' dir='ltr'><strong>lll‘.</strong></span> <span class='ocrx_word' id='word_1_263' title='bbox 455 4051 639 4109; x_wconf 78' lang='lat' dir='ltr'><strong>consecratus</strong></span> <span class='ocrx_word' id='word_1_264' title='bbox 658 4046 694 4106; x_wconf 85' lang='lat' dir='ltr'><strong>ab</strong></span> <span class='ocrx_word' id='word_1_265' title='bbox 712 4045 876 4118; x_wconf 85' lang='lat' dir='ltr'><strong>Hertwioo,</strong></span> <span class='ocrx_word' id='word_1_266' title='bbox 891 4041 1039 4106; x_wconf 85' lang='lat' dir='ltr'><strong>Bremensi</strong></span> <span class='ocrx_word' id='word_1_267' title='bbox 1060 4042 1311 4124; x_wconf 77' lang='lat' dir='ltr'><strong>Archiepiscopo,</strong></span> 
     </span>
    </p>
   </div>
   <div class='ocr_carea' id='block_1_5' title="bbox 198 4185 500 4202">
    <p class='ocr_par' dir='ltr' id='par_1_5' title="bbox 198 4185 500 4202">
     <span class='ocr_line' id='line_1_37' title="bbox 198 4185 500 4202; baseline -0.017 0"><span class='ocrx_word' id='word_1_268' title='bbox 198 4185 500 4202; x_wconf 45' lang='lat' dir='ltr'><em>w</em></span> 
     </span>
    </p>
   </div>
   <div class='ocr_carea' id='block_1_6' title="bbox 186 4228 1097 4422">
    <p class='ocr_par' dir='ltr' id='par_1_6' title="bbox 186 4228 1097 4422">
     <span class='ocr_line' id='line_1_38' title="bbox 237 4228 1097 4328; baseline -0.008 -18"><span class='ocrx_word' id='word_1_269' title='bbox 237 4261 264 4328; x_wconf 73' lang='lat' dir='ltr'><strong>t)</strong></span> <span class='ocrx_word' id='word_1_270' title='bbox 278 4261 350 4312; x_wconf 87' lang='lat' dir='ltr'><strong>Tem.</strong></span> <span class='ocrx_word' id='word_1_271' title='bbox 368 4259 402 4310; x_wconf 91' lang='grc'><strong>11.</strong></span> <span class='ocrx_word' id='word_1_272' title='bbox 422 4256 545 4320; x_wconf 86' lang='lat' dir='ltr'><strong>Sosiptor.</strong></span> <span class='ocrx_word' id='word_1_273' title='bbox 565 4257 685 4308; x_wconf 83' lang='lat' dir='ltr'><strong>Germen.</strong></span> <span class='ocrx_word' id='word_1_274' title='bbox 706 4257 860 4309; x_wconf 80' lang='lat' dir='ltr'><strong>Menckenli.</strong></span> <span class='ocrx_word' id='word_1_275' title='bbox 880 4233 936 4318; x_wconf 77' lang='lat' dir='ltr'><strong>pag,</strong></span> <span class='ocrx_word' id='word_1_276' title='bbox 956 4251 1017 4308; x_wconf 77' lang='grc'>2111.</span> <span class='ocrx_word' id='word_1_277' title='bbox 1068 4243 1070 4246; x_wconf 64' lang='grc'><strong>’</strong></span> <span class='ocrx_word' id='word_1_278' title='bbox 1093 4228 1097 4235; x_wconf 38' lang='lat'>¹</span> 
     </span>
     <span class='ocr_line' id='line_1_39' title="bbox 186 4351 638 4422; baseline -0.015 -13"><span class='ocrx_word' id='word_1_279' title='bbox 186 4360 188 4365; x_wconf 83' lang='grc'><em>’</em></span> <span class='ocrx_word' id='word_1_280' title='bbox 233 4357 261 4422; x_wconf 74' lang='lat'><strong>2)</strong></span> <span class='ocrx_word' id='word_1_281' title='bbox 276 4357 351 4408; x_wconf 79' lang='grc'>011111</span> <span class='ocrx_word' id='word_1_282' title='bbox 369 4353 410 4409; x_wconf 79' lang='lat' dir='ltr'><strong>tl.</strong></span> <span class='ocrx_word' id='word_1_283' title='bbox 430 4353 541 4419; x_wconf 67' lang='lat' dir='ltr'><strong>Augusti</strong></span> <span class='ocrx_word' id='word_1_284' title='bbox 559 4351 638 4402; x_wconf 80' lang='grc'>1186.</span> 
     </span>
    </p>
   </div>
   <div class='ocr_carea' id='block_1_7' title="bbox 0 0 1420 4828">
    <p class='ocr_par' dir='ltr' id='par_1_7' title="bbox 0 0 1420 4828">
     <span class='ocr_line' id='line_1_40' title="bbox 0 0 1420 4828; baseline 0 0"><span class='ocrx_word' id='word_1_285' title='bbox 0 0 1420 4828; x_wconf 95' lang='lat' dir='ltr'><strong> </strong></span> 
     </span>
    </p>
   </div>
  </div>
 </body>
</html>
