2832 4828
711 321 759 396 60

176 519 366 606 cuceriw).
394 522 534 604 &menti
555 539 632 585 acac
645 539 752 586 nouam
773 521 854 586 dedit
865 519 1015 602 llupealns
1035 517 1088 584 Ν.
1109 517 1286 601 Epistulam,

175 629 271 694 ἀιῑιιιι
292 631 405 694 Romae
426 632 476 696 Vl.
507 629 550 694 ld.
569 631 641 694 lolii
663 628 766 708 litt,
787 647 863 712 quae
883 630 999 709 incipit:
1022 625 1214 692 amianas
1233 649 1286 691 sc

176 740 221 800 bie
240 739 358 801 coelitus
378 746 430 802 etc.
473 737 537 802 Hac
558 757 661 802 omnes
682 755 821 819 personas
842 737 1050 802 ecclesiatius
1071 742 1102 800 et
1121 737 1287 802 mecnlares

175 847 304 910 Ducatus
326 847 480 910 Clivieasia
500 865 518 909 a
535 847 708 928 juramentis
728 847 956 928 Archiepiscopo
976 846 1144 911 Coloniensi
1165 853 1197 909 el
1215 847 1288 926 Epi·

175 973 265 1034 scnpo
281 955 503 1018 Monasteriensi
525 959 672 1035 praestitis
693 955 826 1032 absolvit,
847 962 877 1019 et
899 959 993 1019 mona
1014 957 1124 1020 nullius
1144 959 1288 1019 exsistere

176 1061 290 1126 roboris
316 1063 454 1126 decernit.
507 1065 618 1128 Verum
646 1069 738 1128 status
767 1065 815 1127 hia
835 1083 893 1130 non
915 1066 966 1128 din
987 1065 1112 1130 durarit.
1165 1065 1286 1128 snnlato

176 1173 254 1233 enim
275 1189 344 1236 mox
365 1171 530 1247 schismate,
549 1173 699 1253 Eugenius
720 1176 797 1253 Papa
819 1191 922 1236 amnes
942 1174 1008 1236 illas
1027 1180 1129 1236 contra
1150 1191 1212 1250 ecs,
1236 1175 1285 1253 qni

176 1279 434 1359 Antipapael'elici
455 1281 657 1355 adhaeserunt,
678 1288 762 1345 antea
783 1283 874 1346 editas
886 1283 1115 1346 constitutiones
1136 1285 1287 1346 revocarit

176 1392 207 1450 et
226 1391 358 1463 oessavlt,
381 1392 537 1470 omniaque
557 1393 586 1451 in
609 1391 760 1470 antiquum
770 1393 902 1456 ordinem
913 1408 999 1454 suurn
1021 1391 1190 1469 restituit²),
1211 1409 1285 1471 quae

177 1503 278 1578 postea
299 1497 362 1577 ejus
383 1499 538 1562 Successor
559 1499 697 1563 Nicolaus
712 1503 748 1565 V.
770 1500 891 1564 Constit.
915 1503 964 1565 die
984 1500 1037 1564 10.
1045 1501 1171 1581 Augusti
1194 1499 1285 1564 atti.

177 1604 371 1670 confirmauit
710 1615 713 1622 “

413 1800 498 1866 ΧΙΙΙ.
542 1800 741 1870 HILGERUS
762 1801 1043 1868 BUDUANENSIS.

240 1931 378 2014 Hilgerns
400 1935 436 1996 ds
457 1933 577 2014 Burgis,
604 1935 769 2015 Theologus
790 1893 910 1999 Ordinis
931 1936 1173 2010 carmelitarum,
1205 1939 1285 2017 prins

73 2084 76 2091 -
177 2039 377 2104 conlessarins
397 2048 427 2105 et
448 2043 637 2106 Consiliarius
659 2045 878 2126 Archiepiscopi
897 2045 1071 2109 'ilrecdcrici
1092 2044 1285 2118 coloniensis

177 2150 245 2212 dein
266 2149 471 2230 Suffraganeus
492 2151 681 2228 Lentiensis,
704 2153 767 2215 *suo
787 2155 873 2218 titulo
893 2153 1112 2230 Bndnaneasis,
1144 2171 1224 2232 quae
1244 2157 1288 2214 est

125 2264 128 2270 '
177 2257 269 2322 Sedes
295 2261 467 2339 episcopalis
483 2260 651 2324 Provinciae
669 2261 1044 2325 Praevalitanaellioscasis
1062 2261 1170 2342 lllyrici
1192 2262 1289 2324 crien-

176 2367 259 2442 talis,
282 2369 338 2430 sulr
360 2367 517 2449 Metropoli
538 2369 768 2447 Scodrcrcm³),
791 2371 907 2433 tandem
929 2375 959 2432 et
979 2369 1162 2434 Coloniensis
1184 2367 1289 2430 Archi·
1395 2429 1396 2436 ,

178 2477 307 2556 episcopi
338 2475 542 2556 Suffraganeua
564 2478 601 2540 al)
621 2495 700 2540 anno
720 2475 826 2551 licia,
855 2497 924 2558 ergo
945 2478 1041 2541 adhuc
1061 2479 1181 2543 maante
1199 2493 1290 2558 supra

178 2585 255 2646 dicto
276 2585 388 2646 Joaane
416 2583 574 2651 Schleeler.
628 2587 748 2666 Effigies
775 2586 839 2666 ejus
868 2587 939 2649 oliui
969 2585 1143 2650 canebant·
1172 2587 1203 2647 in
1226 2605 1290 2648 rno-

180 2695 307 2756 naaterio
329 2693 552 2757 carmelitarum
574 2693 751 2771 coloniensi,
772 2714 841 2757 cum
861 2695 916 2758 hac
935 2695 1166 2774 subscriptione:
1189 2694 1228 2756 Il.
1251 2694 1290 2756 D.
1395 2707 1396 2730 ι

179 2797 325 2882 Hilperuc,
347 2800 512 2884 Episcopus
526 2799 740 2880 Baduoncnsis,
764 2801 971 2887 Suffropoaeus
993 2799 1177 2866 calesiensis.
1209 2799 1292 2865 Obiit

179 2909 282 2972 Leodii
304 2913 334 2971 in
355 2911 487 2973 Ecclesia
509 2909 627 2973 Ordinis
648 2913 694 2972 sui
715 2930 791 2974 anuo
814 2909 904 2972 notu.

241 3019 322 3078 luter
343 3017 441 3096 ipsum
462 3022 493 3080 et
523 3017 677 3080 Nicolaum
704 3019 741 3080 de
762 3017 858 3096 Cosa,
892 3019 1077 3100 apostolicae
1104 3020 1189 3082 Sedis
1217 3024 1289 3084 tnnc

181 3127 322 3206 temporis
333 3126 484 3206 Legatum,
506 3128 603 3208 gravis
625 3129 734 3190 exstitit
748 3127 889 3190 dissensio
910 3133 940 3190 et
960 3145 1065 3208 pugna,
1088 3145 1177 3208 quarn
1199 3128 1291 3190 relcrt

179 3233 326 3298 Adrianus
347 3236 384 3299 de
404 3237 497 3300 veteri
517 3235 623 3313 Buscc,
644 3236 806 3300 Monachus
826 3237 858 3300 S.
877 3237 1028 3300 Laurentii
1044 3236 1231 3312 Leodiensis,
1253 3255 1291 3297 ex

215 3475 241 3537 1)
261 3475 392 3526 ilenricus
411 3475 568 3526 constitutus
586 3478 614 3524 nt
632 3469 813 3535 suffraganeus
831 3471 858 3523 in
876 3469 1084 3537 Poctiptcoltlac
1103 3471 1218 3525 loannes
1237 3483 1290 3525 aa·

268 3574 322 3619 tem
350 3569 524 3630 Traiectcnsis
550 3569 747 3630 camesenus.
777 3567 921 3632 Episcopus
948 3565 1153 3630 carclcgansis,
1180 3573 1237 3618 erat
1262 3568 1290 3618 in

267 3662 458 3726 Spiritamiiw
474 3661 595 3718 vicarius
612 3662 748 3727 generalis.
767 3663 798 3714 la
816 3668 905 3716 nostra
924 3660 1289 3726 codicanplcmuicnnrcffi-

268 3757 396 3809 dioecesis
414 3758 503 3810 colon.
531 3759 605 3810 Tom.
624 3758 660 3810 ll.
684 3771 740 3822 pag.
759 3757 819 3809 ³77.
845 3757 979 3810 attulimus
1006 3757 1209 3808 confirmationis
1233 3771 1289 3808 rno-

267 3861 421 3906 numcntum
443 3853 475 3905 de
503 3853 530 3904 c.
549 3853 662 3916 Augusti
685 3867 745 3904 aaa.
764 3851 850 3914 llic„
877 3851 947 3916 quod
973 3853 1013 3903 sic
1036 3851 1140 3916 incipit:
1165 3853 1288 3912 loannes,

266 3949 316 4001 Dei
334 3955 360 4001 et
377 3947 544 4014 apostolieae
569 3947 644 4000 Sedis
670 3951 751 4012 pratia
777 3949 924 4014 Episcopus
952 3945 1154 4010 wckafflnsle,
1178 3949 1243 4002 lter.
1261 3948 1289 3999 in
1395 3967 1396 3988 ι

268 4046 371 4099 Christo
394 4045 481 4097 Patris
506 4049 533 4096 at
551 4044 624 4094 Dum.
643 4043 787 4110 liudolplai,
806 4044 896 4108 upisc.
920 4042 1044 4105 Traiect,
1071 4041 1099 4094 la
1122 4042 1288 4108 Spiritualit.

206 4159 209 4164 ι
267 4141 388 4192 vicarias
406 4153 452 4205 per
470 4146 554 4192 terras
572 4138 667 4190 illustr.
686 4139 834 4204 principum
847 4139 929 4190 laucis
946 4137 1086 4193 clivensis.

218 4235 245 4299 2)
264 4235 372 4288 Baliarii
389 4237 462 4288 Tom.
481 4236 503 4288 1.
521 4236 587 4290 inter
605 4235 718 4293 constit,
735 4233 859 4299 Eugenii,
878 4230 1030 4286 constit.
1049 4231 1076 4299 c.
1094 4233 1135 4286 7.·
1183 4283 1187 4290 ,

216 4329 243 4397 d)
261 4331 380 4398 capulan-
394 4332 465 4384 'lom
483 4330 520 4382 11.
537 4331 638 4386 calmi.
656 4329 778 4383 illustrat.
799 4341 856 4396 pos·
874 4327 936 4386 mr
