2832 4828
730 457 780 529 ’10

202 673 271 719 cum
289 654 393 734 insigni
408 651 550 718 virtutum
562 653 685 717 suorum
700 653 804 734 elogio,
823 657 857 716 ut
874 649 978 718 scribit
989 650 1179 732 Crotepolius
1195 652 1226 712 in
1239 649 1309 712 lier-

200 781 308 828 menno
328 763 374 836 V„
393 761 496 826 Goion.
519 761 754 844 Archiepiscopo.

251 975 526 1049 llpltophim
547 977 644 1048 eju·
665 982 765 1035 nnete
786 976 1030 1039 §aerarium
1049 977 1264 1047 monopo-

662 1069 860 1128 titanum.

195 1209 201 1240 ι’
322 1195 436 1258 Occidit
452 1200 519 1259 sote
536 1197 615 1259 diem
636 1197 744 1260 niodex
763 1197 878 1277 pietatis
894 1197 999 1269 orites,

292 1301 296 1308 '
373 1305 506 1368 Moribus
522 1304 670 1385 ingenuis,
687 1305 869 1386 consilioque
884 1309 995 1384 potens

323 1415 416 1495 impin
434 1414 579 1478 convulsit
592 1411 738 1493 presciens
752 1415 888 1493 dogmate
904 1429 986 1484 voce,

318 1597 324 1612 Ι
369 1521 594 1602 Haereticssque
614 1524 695 1602 graui
715 1523 846 1584 contudit
864 1539 916 1584 ore
934 1520 1018 1582 ierus.

320 1631 433 1694 Siderlo
450 1633 531 1710 psvit
548 1633 594 1705 te,
613 1631 681 1692 dius
699 1629 835 1706 Colonia,
856 1630 956 1705 uerbo,

370 1739 410 1800 Iit
429 1741 538 1800 veteris
558 1739 657 1800 docuit
675 1737 844 1818 Belligionis
864 1753 949 1816 opus.

321 1847 463 1926 Ereptum
481 1845 567 1908 doleo
586 1845 677 1908 decus
694 1849 724 1907 et
741 1845 829 1910 simui
850 1845 936 1909 Urbis
954 1845 1106 1918 honorem,

371 1954 437 2016 Non
452 1953 594 2017 reuehent
614 1953 703 2016 telem
721 1955 836 2016 saeculo
854 1953 947 2016 mutu
962 1955 1077 2016 ducem.

321 2065 463 2144 Dignum,
480 2062 612 2141 longaevi
628 2067 748 2140 superet
764 2063 816 2142 qui
835 2061 966 2124 Nestoris
984 2079 1084 2131 annos,
1200 2049 1208 2060 ’

370 2171 494 2233 Sustulit
508 2190 525 2232 e
541 2171 639 2232 medio
660 2189 740 2232 mors
756 2172 873 2248 inopine
891 2171 998 2238 uirum.

199 2365 200 2368 Ἴ
319 2279 434 2360 Corpus
453 2278 544 2340 humo
562 2277 686 2357 tegitur,
708 2297 791 2340 mens
811 2276 906 2339 lucido
924 2277 1031 2357 templu
1051 2276 1176 2353 subivit;

370 2388 448 2449 Dum
472 2386 542 2448 liuet
559 2385 613 2448 hec
632 2385 769 2461 Rhenus,
791 2384 868 2448 ieme
888 2389 1037 2464 superstes
1059 2386 1122 2447 erit.
1166 2449 1168 2453 ,

206 2496 209 2504 ’
320 2497 381 2560 Vos
400 2497 498 2570 decet,
519 2493 655 2569 oCives,
676 2497 808 2574 grerim
823 2494 994 2556 meminisse
1013 2493 1158 2569 lotorum,

280 2625 287 2642 f
372 2603 597 2684 ilugruntesque
615 2601 680 2664 Deo
698 2603 899 2682 congeminum
915 2621 1028 2682 preces.

196 2825 200 2832 ·
286 2799 359 2864 xx.
401 2793 682 2870 uvuuflnnoos,
704 2794 949 2858 cruununsrs
970 2793 1224 2860 unsrcnnrus

262 2932 452 2998 Everhsrdus
472 2933 509 2993 de
524 2929 622 3000 Bilcls,
645 2929 717 2990 alies
733 2926 870 3003 Rittium,
892 2927 996 2992 Billick
1015 2929 1123 3005 dictus,
1144 2949 1203 2992 nun
1224 2929 1310 2994 Colu-

200 3047 275 3118 niee,
297 3059 392 3121 neque
413 3042 443 3102 in
460 3038 567 3120 oppido
582 3035 729 3100 Dioeoesis
747 3037 993 3112 Monesteriensis,
1009 3039 1061 3100 sed
1086 3040 1115 3100 in
1126 3041 1228 3102 'veteri
1246 3042 1310 3103 vico

200 3150 293 3226 Bilck,
318 3143 467 3214 liioecesis
482 3147 672 3223 Coloniensis,
691 3148 840 3221 oriundus,
864 3148 946 3228 cujus
964 3145 1072 3209 lumiliu
1090 3147 1214 3228 longiori
1235 3155 1310 3212 tem·

200 3279 272 3342 pore
288 3263 364 3324 bone
386 3277 438 3323 sus
469 3261 498 3320 in
527 3258 661 3338 parochis
689 3255 772 3319 Bilcls
791 3257 908 3332 hebuit,
932 3275 1007 3338 quus
1031 3261 1131 3336 postes
1154 3257 1310 3337 Adelphos

199 3373 237 3434 de
262 3369 346 3434 Biiok
380 3387 434 3449 pro
464 3365 631 3430 fundatione
662 3380 754 3428 novoe
781 3367 912 3429 Viennae
944 3368 975 3427 in
999 3365 1149 3446 collegiata
1177 3367 1311 3430 Ecclesis

194 3478 459 3558 ·Dusseldorpiensi
481 3477 569 3538 dedit.
620 3473 733 3536 Domus
762 3474 826 3554 ejus
844 3493 939 3555 usque
959 3476 989 3536 in
1011 3474 1085 3536 hunc
1105 3475 1183 3536 diem
1204 3473 1311 3537 dicitur

198 3586 251 3648 sul
270 3589 338 3650 dem
360 3587 527 3664 Steinberg,
548 3586 628 3646 unde
649 3585 692 3646 illi
712 3580 807 3646 Billici
828 3601 988 3663 cognomen
1010 3581 1169 3662 Lapicidoo
1189 3601 1310 3663 aecepe-

196 3700 280 3759 runt
301 3693 490 3758 Everherdus
501 3693 643 3757 Ordinem
659 3692 881 3756 Germelitorum
898 3694 1055 3772 ingressus,
1073 3691 1309 3772 SS.Theoiogiue

109 3872 115 3882 q
196 3803 309 3863 'Doctor
330 3804 520 3876 renuntietur,
552 3799 619 3863 tulis
640 3802 742 3876 evesit,
763 3803 814 3881 qui
836 3801 1011 3864 doctissimis
1032 3801 1231 3880 piissimisque
1264 3803 1309 3863 sui

200 3911 344 3990 temporis
375 3910 448 3971 viris
475 3911 660 3972 annumerari
693 3909 786 3988 possit
813 3913 843 3971 et
864 3909 976 3972 debeat.
1028 3909 1211 3972 Constitutus
1231 3926 1309 3972 nnnc

201 4017 489 4098 15i2.liquisgreni
521 4019 567 4079 sui
588 4013 708 4080 Ordinis
729 4017 933 4093 Provinciolls,
965 4020 1082 4097 saepius
1104 4019 1133 4078 in
1153 4018 1309 4099 colloquiis
1400 4099 1402 4116 ψ

200 4127 325 4210 publicis
345 4143 414 4189 cum
435 4125 679 4202 Protestentibus,
700 4131 733 4188 ut
754 4131 873 4201 vocent,
905 4128 1046 4189 acerrime
1074 4123 1249 4206 disputavit,
1279 4130 1309 4190 in
1401 4201 1402 4214 χ

197 4238 318 4320 Synodo
337 4237 505 4298 Tridentino
526 4251 614 4313 saepe
632 4236 784 4314 proposuit
805 4236 992 4309 senteutiam,
1014 4239 1044 4296 et
1065 4235 1102 4298 ob
1120 4235 1308 4298 multitarism

196 4347 394 4409 eruditionem
415 4350 445 4408 et
459 4343 655 4424 eloquentium
671 4361 805 4424 magnum
824 4343 878 4406 sibi
898 4345 1099 4406 auctoritatem
1118 4347 1307 4423 compararit

204 4455 378 4534 Designatus
399 4451 706 4534 luerstSuiirugoneus
723 4451 924 4533 Coloniensis3
945 4470 1048 4519 uerum
1068 4451 1151 4520 brevi
1172 4451 1245 4517 obiit
1258 4451 1307 4517 12.
