2832 4828
641 371 688 442 89

233 572 352 635 XXXl.
395 571 571 635 loannes
593 571 740 635 PETRUS
760 571 1100 636 Hauuoaouunms.

176 682 303 742 loannes
327 679 430 742 Petrus
452 681 489 742 de
513 681 663 742 Burmann
691 681 721 742 in
744 680 959 759 Sutiraganeatu
987 682 1125 742 successit
1142 695 1218 742 anno

118 785 217 862 1695,
234 793 418 850 consecratus
441 789 605 867 Episcopus
626 787 873 868 Hermopolemis,
892 789 987 850 clarae
1005 788 1076 849 olim
1095 786 1219 849 Thebai·

116 896 160 956 dis
180 895 339 957 Ecclesiae.
382 895 453 956 Erat
478 898 503 957 is
528 893 647 958 Consilii
665 897 848 958 ecclesiastici
867 896 988 958 haeses
1009 901 1039 958 et
1056 896 1219 959 Canonicus

115 1003 286 1066 cathedralis
304 1005 453 1066 Ecclesiae
472 1004 651 1078 Leodiensis,
671 1007 721 1084 qui
739 1007 788 1068 rix
807 1023 867 1066 uno
886 1024 963 1067 anno
980 1006 1088 1066 muniis
1105 1006 1217 1084 episco-

115 1113 229 1192 palibus
253 1113 369 1175 iunctus
389 1119 442 1176 est.
485 1112 595 1175 Habuit
620 1113 698 1174 enim
721 1111 772 1174 25.
796 1113 944 1175 Februarii
968 1111 1217 1177 standandane

115 1223 239 1299 primam
266 1221 501 1296 ordinationem,
533 1226 563 1283 et
587 1221 793 1283 ultimam17.
820 1222 958 1285 Decemb.
985 1222 1116 1301 ejusdem
1140 1225 1217 1286 anni.

114 1328 196 1390 Obiit
214 1329 316 1392 Leodli
334 1332 428 1410 prima
447 1331 595 1392 Februarii
616 1331 706 1392 1696.
749 1331 835 1394 dnno
856 1335 934 1392 enim
956 1333 1146 1409 praecedente
1165 1332 1219 1394 Se·

114 1440 284 1500 renissimus
300 1439 417 1502 Elector
435 1439 679 1518 Archiepiscopus
698 1438 886 1516 Coloniensis,
907 1439 1052 1517 losepbus
1070 1438 1217 1514 Clemens,

113 1548 143 1607 in
162 1545 328 1627 Principem
356 1548 534 1625 Episcopum
561 1549 752 1610 Leodiensem
772 1550 881 1610 electus
902 1553 931 1610 et
949 1546 1134 1610 confirmatus
1152 1545 1217 1608 iue-

113 1659 167 1730 rat,
188 1673 315 1735 quocum
335 1641 522 1735 probabiliter
539 1657 683 1718 Leodium
700 1655 845 1734 proiectus
864 1661 918 1718 est.
960 1656 1129 1718 Brevissimi
1150 1654 1217 1718 Sui·

112 1763 294 1844 traganeatus
312 1771 403 1840 actus,
414 1743 496 1845 'quos
509 1763 676 1842 reseramus,
689 1770 802 1844 praeter
818 1767 997 1846 supradictas
1013 1765 1217 1828 Ordinationes

113 1874 209 1936 nullos
223 1873 375 1936 babemus.
464 1870 467 1876 ’

175 1981 243 2044 Νοιι
264 1982 484 2044 confundendus
505 1986 551 2043 est
566 1985 663 2043 noster
679 1982 807 2044 loannes
823 1980 927 2045 Petrus
947 1999 1015 2042 cnm
1037 1980 1127 2043 altero
1140 1978 1217 2059 ejur-

115 2089 182 2151 dem
203 2092 305 2152 aetatis
325 2069 437 2152 loanne
457 2087 558 2162 Petro,
580 2088 767 2168 Souraganeo
787 2089 968 2163 Trevirensi,
990 2089 1136 2168 Episcopo
1157 2088 1216 2150 Ar·

111 2198 209 2272 hemi,
241 2199 288 2260 cui
321 2199 408 2260 etiam
436 2215 562 2276 sequens
594 2197 781 2260 adscribenda
808 2201 853 2258 est
884 2196 1016 2274 Epistola
1048 2195 1215 2258 circularis:

111 2305 263 2380 „loannes
291 2306 393 2368 Petrus
415 2311 468 2367 eto.
502 2304 647 2367 Omnibus
673 2309 702 2366 et
722 2305 845 2384 singulis·
872 2304 995 2366 Decanis
1017 2304 1162 2367 ruralibus
1187 2308 1217 2366 et

109 2413 271 2474 animarum
293 2413 476 2474 curatoribus
497 2411 621 2474 salutem
643 2415 672 2474 in
695 2413 819 2474 Domino
846 2415 1062 2491 sempiternam.
1105 2411 1215 2474 Munus

109 2517 254 2598 pastorale
275 2520 359 2581 nobis
379 2520 576 2582 concreditum
596 2520 626 2580 id
652 2520 700 2584 vel
723 2521 849 2582 maxime
871 2521 968 2600 erigit,
989 2525 1022 2582 ut
1042 2535 1112 2583 oves
1131 2519 1215 2582 nobis

109 2627 279 2690 commissas
311 2629 341 2687 in
363 2628 410 2688 via
431 2630 510 2688 recta
531 2644 565 2688 ac
586 2627 706 2689 salutari
737 2628 877 2690 ducamus
907 2631 937 2688 et
965 2627 1150 2689 deflectentes
1177 2627 1214 2688 ab

108 2735 163 2797 bac
184 2739 298 2797 mature
318 2751 455 2796 revocare
476 2735 654 2796 studeamus.
677 2733 752 2796 Cum
763 2735 852 2813 igitur
873 2740 905 2796 ut
926 2735 1058 2796 dolenter
1078 2733 1213 2812 percepi·

109 2863 193 2915 mus,
230 2841 330 2922 plures
354 2843 391 2904 de
413 2821 529 2904 Cbristi'
542 2841 677 2903 fidelibus
702 2842 785 2904 lucro
805 2843 958 2920 temporali
979 2844 1092 2919 potius,
1124 2857 1213 2919 quam

109 2957 227 3014 aeterno
247 2950 408 3024 inhiantes,
429 2949 602 3012 famulatum
620 2949 698 3027 apud
713 2949 896 3012 acatholicos
917 2951 1096 3030 susceperint
1116 2952 1145 3010 et
1166 2949 1214 3010 in-

110 3060 173 3121 dies
195 3059 370 3136 suscipiant,
399 3075 432 3119 ac
453 3060 508 3131 sic,
540 3062 573 3118 ut
599 3075 745 3119 unacum
766 3059 897 3120 moribus
919 3059 1079 3121 doctrinam
1100 3059 1214 3120 animae
1265 3063 1275 3095 ⁸

107 3185 179 3228 suaa
200 3166 394 3247 periculosam
411 3165 565 3241 imbibant,
586 3167 691 3227 merito
712 3167 750 3227 sit
772 3167 1054 3246 pertimescendum
1075 3165 1142 3227 bino
1158 3183 1212 3227 nos
1275 3231 1279 3240 p

106 3273 176 3336 huic
197 3273 275 3336 malo
296 3278 411 3334 mature
435 3292 587 3336 occurrere
612 3274 758 3349 uolentes,
780 3276 865 3339 vobis
886 3274 1020 3336 omnibus
1040 3278 1070 3334 et
1091 3273 1212 3351 singulis
1235 3254 1237 3260 ’

107 3381 280 3461 supradictis
301 3385 378 3443 serio
394 3382 611 3456 demandamus,
630 3387 773 3462 quatenus
788 3399 889 3444 omues
905 3386 934 3444 et
950 3381 1080 3460 singulos
1099 3383 1212 3442 vestros

107 3488 298 3568 parochianos
320 3487 515 3569 cnjusomrquo
543 3493 634 3551 status
655 3495 684 3552 et
704 3491 892 3564 conditionis,
929 3492 958 3552 in
980 3489 1100 3550 servitio
1120 3491 1150 3548 et
1169 3487 1211 3547 ia·

106 3596 220 3657 mulatu
234 3595 468 3658 Acatbolioorum
489 3596 679 3659 subsistentes
701 3615 789 3676 quam
811 3599 938 3676 primum
960 3596 1121 3670 revocetis,
1153 3594 1211 3656 eis·

105 3721 163 3784 que
185 3703 239 3765 sub
261 3721 355 3783 poena
383 3705 526 3766 interdicti
554 3705 739 3768 ecclesiastici
767 3710 796 3767 et
825 3710 974 3784 praeterea
1002 3704 1157 3767 solvendae
1179 3703 1210 3764 iu

104 3829 192 3874 usum
221 3829 383 3891 pauperum
415 3813 514 3891 viginti
547 3812 723 3874 florenorum
754 3813 834 3888 auri,
867 3818 900 3874 ut
920 3831 937 3875 a
958 3815 1004 3876 via
1025 3812 1078 3874 hac
1098 3813 1211 3874 animae

104 3919 346 3999 perniciosissima
367 3919 529 3994 deflectant,
557 3921 694 3982 intimetis
715 3923 745 3982 et
765 3920 906 3994 indicatis,
928 3939 981 3982 neo
1002 3939 1060 3982 non
1081 3922 1210 3998 parenti-
1266 3891 1272 3908 ⁸

103 4027 159 4090 bus
181 4033 210 4089 et
231 4026 411 4089 euratmibus
437 4029 466 4089 in
495 4027 660 4107 hujusmodi
689 4026 808 4091 servitio
827 4029 1022 4096 ,existentium
1048 4028 1208 4101 insinuetis,

104 4145 136 4196 ut
157 4135 212 4198 sibi
242 4136 415 4198 commissos
444 4135 562 4198 indilate
589 4140 745 4212 revocent,
778 4138 867 4216 idque
895 4135 949 4198 sub
977 4135 1089 4215 eadem¹
1106 4151 1208 4214 poena.

104 4243 182 4306 Huic
201 4262 273 4306 vero
294 4247 395 4306 nostro
415 4247 475 4304 tarn
504 4243 623 4306 salutari
652 4245 788 4307 mandato
815 4245 996 4308 revocatorio
1024 4259 1090 4304 sese
1117 4249 1216 4321 oppo·i

105 4357 222 4430 nentes,
253 4355 304 4416 aut
317 4423 320 4436 ¹
333 4351 461 4415 debitam
487 4352 681 4416 obedientiam
707 4356 775 4434 post
790 4335 906 4415 trinam
934 4351 1122 4415 monitionem
1149 4369 1208 4414 uon
