2832 4828
663 391 708 458 ll

123 586 280 648 Ecclesiae
295 587 460 647 consecravi
472 581 651 654 Pontillceru,
670 599 757 663 quern
774 583 845 644 dum
860 583 981 646 barbara
999 585 1133 663 gensslbi
1147 601 1232 664 prae·

131 711 199 755 esse
218 692 317 763 nollet,
339 693 519 754 Scarieusern
538 689 745 772 (scarensem)
767 689 926 752 Ecclesiam
945 693 1082 754 invadere
1103 695 1230 772 coepit»

130 802 201 864 Siue
228 801 316 861 dubio
340 801 396 860 iste
419 797 586 860 Hetzeb'mrr
605 797 654 858 ille
674 803 736 871 est,
766 815 855 876 quem
874 815 942 858 eum
963 800 1040 860 dicto
1059 799 1234 862 Adelwardo
1267 865 1268 870 ,

132 927 187 990 pro
199 908 305 970 Suedio
316 912 515 970 consecratum
525 906 656 967 Adnmus
664 905 830 966 Bremensls
841 907 911 966 dicit
920 903 1072 967 Arilinom.
1101 905 1157 969 llic
1166 927 1236 987 ergo
1340 944 1344 950 -

132 1035 210 1079 anuo
226 1017 317 1078 luuu.
328 1015 391 1076 Vll.
414 1015 515 1075 ludici.
536 1013 585 1074 lV.
601 1012 723 1074 Kalend.
740 1011 915 1089 septembr,
932 1014 1066 1075 videlicet
1080 1014 1127 1076 die
1139 1015 1236 1077 decol-

133 1126 251 1188 lationis
266 1125 296 1186 S.
314 1125 434 1186 loannis
452 1122 606 1200 Baptistae,
622 1121 731 1181 adstitit
739 1120 964 1198 Archiepiscopo
977 1122 1092 1182 Aunoni
1110 1123 1139 1183 iu
1155 1121 1237 1185 dedi·

133 1235 246 1294 catlone
264 1231 412 1309 templis.
435 1231 575 1292 Gereonis
596 1231 625 1290 iu
644 1227 772 1290 Colonia.
789 1227 898 1287 Tabula
922 1231 999 1289 enirn
1018 1228 1124 1290 habet:
1152 1227 1237 1294 Auno

133 1341 280 1404 MLXlX.
301 1341 401 1399 iudici.
424 1339 487 1404 vll.
506 1345 611 1416 puncto
630 1333 699 1396 Kar.
720 1335 877 1413 Septembre
896 1335 1028 1398 videlicet
1046 1337 1093 1398 die
1114 1337 1239 1400 decolla-

132 1449 220 1510 dr'onr's
238 1447 270 1509 S.
286 1446 410 1508 lenonis
426 1443 578 1522 Baptistae
595 1444 758 1506 dedicatum
776 1454 818 1504 cst
836 1444 971 1521 ternplum
996 1443 1028 1506 S.
1048 1443 1184 1507 Gereonio
1200 1445 1237 1509 ab

132 1555 253 1616 Annona
263 1553 493 1632 Arobiepiseopo,
504 1552 669 1614 eomitante
678 1551 768 1612 eidem
778 1549 936 1612 Heraclion.
949 1585 988 1596 -
1000 1551 1083 1614 Alius
1092 1553 1154 1631 ejus
1168 1571 1239 1634 ope·

132 1682 184 1724 rae
194 1664 276 1724 teslls
287 1665 331 1722 est
339 1659 499 1732 Corradus,
509 1658 900 1730 Brauvelienslsblouachus,
910 1662 939 1720 ln
950 1660 1238 1740 ritaswolphelml

134 1769 369 1853 (lrliiFruuroldi,
385 1769 499 1829 comilis
511 1763 635 1849 dellll),
653 1765 867 1828 Braurellensls
884 1768 1013 1842 Abbatis,
1034 1770 1142 1831 relatus
1159 1769 1238 1850 apud

133 1875 356 1956 Hagiogrsphos
374 1875 521 1947 Scerlum,
545 1873 763 1936 Henschenium
781 1879 811 1934 el
827 1873 1028 1936 Mabilloninm
1049 1874 1101 1935 22.
1116 1875 1238 1956 Aprilis.

136 1985 296 2061 «Quadam
307 1985 364 2057 dle,
373 1984 466 2062 lnquit
476 2001 538 2061 cap.
549 1980 611 2053 26,
626 1979 836 2060 wolphelmus
852 1999 919 2042 cum
928 1987 1106 2044 secretorum
1117 1999 1238 2046 suorum

133 2094 259 2154 consciis
276 2093 444 2166 emtoriurn,
467 2093 501 2151 ut
522 2093 591 2150 tnnc
611 2087 683 2151 lalso
699 2087 881 2162 credebatur,
894 2086 1132 2152 Braurrllerensis
1153 2108 1238 2169 paro·

132 2199 218 2265 cbiae
235 2202 265 2262 lu
283 2200 352 2260 villa
369 2199 550 2260 Kircbedoro
569 2195 580 2278 (
590 2213 667 2258 nuuc
686 2197 818 2258 Sinteren
840 2201 979 2269 vocatur,
1001 2215 1069 2260 nem
1089 2202 1155 2278 pagi
1173 2199 1239 2262 Slu-

133 2316 217 2371 teren
240 2312 273 2386 et,
289 2307 446 2370 Kircbdorl
462 2307 547 2368 ricini
572 2307 600 2365 lu
623 2319 715 2364 unum
737 2302 926 2386 coaluerunt)
949 2305 1081 2383 nomine,
1102 2311 1241 2370 oraturus

132 2416 267 2478 intrarit:
289 2421 403 2489 elecce,
423 2413 487 2478 eolo
499 2416 668 2492 prostratus,
684 2429 785 2474 carere
804 2409 902 2472 locum
922 2417 1090 2476 sauctorum
1114 2417 1240 2492 petroci-

133 2527 194 2594 nio,
211 2524 319 2600 Spiritu
327 2523 432 2585 Sancto
444 2521 601 2593 revelante,
610 2520 720 2580 didicit.
742 2519 801 2594 Qui
818 2537 940 2598 surgens
957 2521 994 2581 ab
1012 2521 1151 2598 orations,
1171 2540 1240 2585 cum

132 2615 236 2692 secum
266 2629 488 2692 consistentibus
512 2628 632 2690 accessit
656 2625 810 2694 adultere
836 2631 883 2698 et,
908 2627 1051 2689 velamine
1078 2629 1239 2706 subducto,

133 2758 203 2802 cum
226 2739 323 2800 omnia
348 2737 478 2815 diligenti
505 2735 610 2796 intuitu
636 2732 855 2812 perlustrasset,
883 2733 1094 2798 nihilomnino
1118 2736 1243 2800 veleub

133 2847 230 2926 sigillo
247 2847 293 2906 vel
312 2847 453 2906 rimarum
473 2843 606 2905 scissuris
628 2847 742 2920 praeter
766 2840 973 2904 nidificationes
997 2839 1237 2922 vespertilionum

133 2959 165 3016 et
188 2954 262 3014 telas
282 2955 390 3031 reperit
412 2967 594 3012 aranearum.
636 2948 720 3012 Unde
737 2949 894 3024 nimirum,
915 2955 948 3010 ut
967 2933 1119 3029 pareret,
1139 2957 1239 3016 mente

132 3065 353 3134 consternatus,
391 3060 501 3136 absque
530 3075 677 3119 morarum
710 3056 846 3118 dilatione
877 3055 1060 3121 Coloniensis
1089 3060 1237 3124 Ecclesiae

133 3167 301 3248 praesulem
325 3168 409 3240 adiit,
431 3165 484 3239 illi,
505 3183 581 3243 quae
605 3168 685 3243 gesta
702 3164 831 3237 luerent,
860 3165 961 3226 ordine
982 3169 1133 3245 exposuit:
1154 3167 1238 3248 cuius

133 3279 241 3340 mentis
256 3276 350 3338 dolori
366 3275 416 3336 llle
431 3273 597 3347 condoleus,
618 3274 692 3334 datis
710 3273 798 3334 etiarn
814 3272 985 3334 Sanctorum
1002 3275 1144 3354 reliquiis,
1165 3295 1237 3341 ero-

132 3390 231 3446 catum
257 3385 293 3444 ad
323 3399 356 3445 se
374 3383 478 3444 direxit
500 3399 567 3442 cum
590 3399 626 3442 co
652 3381 797 3460 quendem
818 3379 1008 3456 Helzeliunm,
1031 3381 1237 3466 svamm)

134 3490 219 3554 Sedis
229 3487 401 3562 Antistium,
423 3494 456 3551 ul
470 3484 525 3552 ¹sua
541 3490 604 3550 vice
624 3489 801 3567 praedictum
821 3488 927 3558 locum,
949 3492 999 3570 qul
1019 3489 1167 3570 Episuupll
1191 3495 1237 3554 sui

133 3601 283 3662 Dioccesls
300 3605 372 3674 erat,
394 3599 457 3660 Deo
471 3601 662 3660 consecraret.
694 3595 752 3670 Qui
772 3595 872 3658 libenti
886 3599 985 3660 animo
1003 3598 1067 3679 ejus
1084 3601 1237 3682 obtempe-

168 3786 195 3847 1)
213 3783 396 3838 Heuscbcnius
408 3781 579 3834 inbuunted
597 3781 623 3834 lr.
641 3781 659 3832 l.
677 3781 788 3846 corrigit,
807 3782 853 3834 sed
872 3795 992 3835 erroneas
1011 3783 1091 3836 ulmo
1108 3784 1226 3838 Seerdcrr

222 3880 261 3932 ris
278 3877 320 3930 rel
336 3877 547 3930 Scerdouenrts:
572 3889 633 3928 nsrn
656 3875 753 3928 Scarus
776 3876 803 3930 lu
821 3878 920 3930 notitiis
940 3878 1103 3942 antiquorum
1122 3882 1238 3946 Episco-

222 3980 329 4039 patuurn
353 3972 423 4024 nulle
450 3977 500 4024 ast.
535 3968 632 4023 Scordo
659 3978 745 4023 eutem
769 3972 808 4024 rel
834 3972 966 4025 Scardona
989 3973 1036 4025 lrrlt
1061 3975 1123 4026 olim
1147 3977 1236 4029 ciricus

222 4069 384 4133 Episcopalls
403 4069 430 4118 in
448 4067 578 4125 Delmau'e
597 4067 646 4118 sub
666 4067 868 4132 urrureprscopo
886 4069 1044 4132 Spalalensl,
1069 4082 1084 4121 a
1107 4085 1159 4134 quo
1177 4073 1237 4124 buic

222 4164 371 4219 Coloniensi
389 4163 577 4226 chorepiscopo
594 4162 683 4214 titulus
703 4164 756 4217 tuit.
771 4179 786 4210 n
824 4163 927 4215 Oblitus
950 4171 992 4215 est
1010 4165 1051 4216 bic
1069 4167 1108 4218 vlr
1126 4166 1237 4219 lectlssl-

224 4275 295 4320 mus,
315 4272 381 4324 quas
399 4259 456 4322 lpse
472 4259 505 4310 de
522 4257 630 4312 llasliuo
648 4262 779 4313 annotarit
802 4260 835 4311 ad
853 4261 931 4312 rilem
951 4259 978 4316 S.
993 4259 1131 4314 Ansclrarll
1150 4261 1176 4327 p
1194 4263 1236 4318 12

221 4360 294 4413 Tum.
317 4358 337 4408 l.
357 4356 477 4412 Februar.
498 4369 554 4418 pag.
572 4354 630 4407 buu
