2832 4828
714 348 764 418 20

187 551 217 607 et
232 551 357 610 enectae
371 547 480 610 litteras
501 551 579 626 ipsae
597 545 694 625 relegi,
716 545 825 626 diuque
845 548 963 624 erepit
984 547 1080 608 mimo
1102 547 1239 617 reuma,
1262 549 1294 606 et

187 655 370 735 loquererne,
399 672 435 718 an
456 655 591 726 silerem,
619 653 849 728 dubitabundus,
872 655 988 716 tandem
1016 657 1147 716 invocato
1169 651 1294 714 Domini

187 764 319 838 nornine,
347 765 398 843 qui
417 763 504 824 corda
526 761 655 826 fidelium
677 779 799 824 suorum
820 759 954 841 Spiritus·
965 763 998 826 S.
1020 759 1212 832 illustratione
1233 759 1294 821 do-

185 872 259 944 cuit,
291 875 435 949 quatenus
460 870 543 932 daret
561 876 591 954 et
613 870 683 932 mihi
705 871 734 932 in
755 871 860 932 eodem
873 871 990 949 ¹Spiritu
1018 875 1096 932 recta
1127 885 1230 948 sapere
1262 872 1295 930 et

185 975 229 1037 de.
253 975 317 1055 ejus
347 994 465 1055 semper
492 977 690 1040 consolatione
720 979 865 1057 gaudere,
897 977 953 1040 bec
985 979 1099 1039 initium
1120 979 1230 1054 arripui
1253 977 1295 1038 de

184 1083 311 1148 lontibus
339 1084 444 1158 lsrael,
474 1085 510 1146 de
539 1085 664 1148 lontibus
693 1085 914 1160 benedictionis,
943 1103 1001 1166 qua
1029 1084 1174 1148 benedixit
1196 1083 1307 1146 lsraiil'

185 1191 319 1272 Moyses,
342 1192 431 1256 bomo
452 1193 522 1255 Dei:
549 1190 740 1268 Benedictus,
760 1197 820 1268 ott,
846 1195 879 1254 to
904 1195 973 1276 filiis
994 1193 1081 1268 Aser,
1094 1196 1147 1256 ‘sit
1171 1193 1294 1274 placeas

182 1301 326 1377 fratribus
346 1305 425 1389 sors,
452 1313 480 1363 et
507 1303 622 1381 linquat
651 1305 685 1363 tc
711 1304 771 1364 olco
795 1303 897 1382 pedem
925 1323 1030 1366 eoum:
1058 1305 1294 1382 semunciam

186 1411 407 1472 odoramentum
428 1413 498 1490 ejus.
542 1407 625 1472 Sicut
655 1410 716 1473 dier
743 1412 903 1491 juventutis
931 1421 1014 1485 tuos,
1041 1413 1085 1474 ito
1113 1419 1141 1472 et
1154 1418 1294 1471 'romense

186 1526 246 1579 loo.
298 1515 364 1580 Noc
387 1525 430 1578 ert
456 1517 599 1579 Dominus
623 1517 718 1592 aliur,
743 1527 777 1580 at
805 1519 885 1581 Drur
907 1523 1124 1588 sanctissimas:
1152 1535 1293 1582 ascensor

156 1707 160 1714 Ι
185 1625 256 1686 coeli
275 1625 441 1688 auxiliator
467 1635 542 1688 tuus.
584 1624 791 1690 Heliconidum
809 1631 871 1707 ejus
890 1645 1024 1702 sorsum,
1045 1637 1073 1690 et
1095 1628 1192 1689 subter
1220 1626 1293 1690 dro-

186 1733 448 1815 cdiosempitcrnor
463 1734 555 1812 ejiciet
571 1735 675 1815 esocis
691 1743 743 1796 tuo
753 1735 910 1806 inimicum,
925 1735 1072 1814 dicetque:
1094 1731 1294 1814 Coctumst).

186 1839 267 1914 Hoc,
288 1842 426 1921 inquam,
448 1843 560 1904 initium
582 1845 710 1920 arripui,
736 1842 906 1918 arbitratus,
935 1843 1014 1922 quod
1037 1842 1199 1922 plurimum
1219 1859 1293 1908 oeu-

184 1954 302 2027 grueret
327 1943 508 2012 beatitudini.
551 1951 625 2012 Aser
645 1953 754 2030 quippe
775 1951 878 2014 beatus
900 1955 1118 2030 interpretatur,
1138 1954 1169 2012 et
1184 1968 1292 2014 secun·

186 2057 256 2118 dum
286 2057 342 2119 hoc
372 2077 479 2121 nomen
508 2059 559 2138 tibi
581 2059 729 2128 beatitudo
748 2058 812 2136 est,
834 2063 863 2120 et
884 2059 958 2124 bene
980 2062 1032 2124 tibi
1054 2064 1119 2124 crit.
1161 2059 1291 2122 Habenti

133 2210 135 2212 -
185 2164 242 2226 hoc
267 2169 481 2238 testimouium,
508 2165 587 2246 quod
616 2167 735 2246 placens
761 2186 827 2230 esse
853 2169 981 2232 volueris
1009 2173 1040 2231 et
1060 2169 1176 2248 placens
1197 2167 1292 2230 leeris

185 2272 320 2336 iratribus
339 2278 415 2338 tuis:
436 2293 554 2354 semper
573 2267 663 2337 einim
675 2277 828 2338 utilitatem
849 2276 971 2339 fratrum
989 2283 1108 2340 tuorum
1127 2279 1157 2338 in
1178 2281 1209 2339 te
1229 2281 1292 2339 tra·

185 2385 284 2457 ctasti,
310 2401 363 2444 ore
382 2384 543 2457 advocasti,
567 2383 699 2446 manibus
720 2383 864 2448 attrahere
885 2385 1097 2460 laborasti,-·et
1118 2384 1200 2446 labor
1220 2390 1292 2448 tuus

186 2507 242 2552 non
263 2491 318 2552 init
338 2492 448 2564 inanis3
475 2493 587 2570 linguas
614 2495 701 2570 igitur
721 2495 750 2554 in
772 2493 838 2555 oleo
867 2493 971 2572 pedem
1000 2498 1104 2567 tuum,
1132 2491 1292 2556 laetificans

186 2603 216 2660 iu
245 2600 347 2660 eadem
375 2598 514 2660 charitate
541 2601 638 2660 sinum
665 2605 766 2674 urum,
795 2606 825 2662 et
845 2602 959 2664 interim
989 2603 1026 2664 sit
1054 2601 1162 2690 terrum
1188 2606 1219 2662 et
1239 2619 1291 2664 aes

186 2709 412 2770 calceamentum
432 2713 533 2780 tuum;
562 2707 634 2770 lorte
655 2709 685 2770 in
707 2713 874 2788 operatione
894 2711 970 2772 sicut
991 2709 1119 2785 serrum,
1147 2727 1290 2772 sonorum

187 2821 216 2878 io
238 2817 449 2896 praedicatione
470 2819 544 2878 sicut
564 2833 613 2880 aes
634 2816 800 2896 exemplum
823 2823 924 2894 tuum;
952 2823 983 2880 et
1011 2820 1079 2899 quia
1108 2818 1171 2880 laus
1191 2821 1290 2882 omnis

189 2929 219 2986 in
240 2925 298 2986 line
318 2930 362 2986 est
383 2926 528 2995 canenda,
555 2927 629 2986 sieut
650 2926 711 2986 dies
730 2925 888 3004 juventulis
909 2931 993 3000 tuae,
1024 2929 1062 2987 ite
1092 2928 1131 2990 sit
1151 2931 1181 2988 et
1201 2929 1291 2990 seire·

188 3041 252 3095 otus
269 3039 333 3106 tua;
355 3034 431 3094 sicut
451 3034 580 3112 coepisti,
601 3035 640 3094 ita
662 3038 691 3094 et
711 3031 802 3106 linias,
825 3035 885 3095 imo
905 3040 935 3096 et
955 3034 1093 3097 abundes-
1105 3037 1135 3095 in
1161 3035 1290 3114 plenitu-

188 3145 255 3203 dine
276 3141 495 3213 dierum-sicut
515 3159 604 3224 senex
625 3140 780 3202 Abraham.
815 3139 894 3215 Quid
916 3143 1028 3204 multat
1049 3143 1195 3206 Ascensor
1215 3143 1291 3206 coeli

188 3249 340 3312 auxiliator
361 3253 444 3322 tuus,
466 3249 525 3326 qui,
548 3248 706 3308 ascendens
727 3248 756 3306 in
778 3248 879 3322 ellum,
901 3251 1044 3326 captivam
1066 3249 1149 3310 duxit
1168 3252 1290 3328 captivi·

188 3362 324 3433 vitatem,
352 3361 382 3419 et
403 3358 482 3419 dedit
502 3357 578 3418 done
599 3355 780 3429 hominibuS,
802 3359 831 3416 et
852 3355 924 3416 alios
946 3357 1066 3434 quidem
1091 3357 1188 3435 posuit
1207 3357 1290 3447 Apo-

188 3469 296 3540 stolos,
318 3467 391 3527 alios
410 3463 584 3542 Prophetas,
617 3463 689 3536 alios
707 3463 915 3541 Evangelistas,
936 3463 1009 3524 alios
1029 3463 1163 3526 Pastores
1183 3469 1214 3524 et
1229 3465 1291 3526 Do·
1401 3467 1402 3506 Ὗ

189 3579 297 3648 stores,
325 3578 355 3634 et
383 3577 411 3633 in
433 3572 496 3632 istis
510 3571 757 3634 benedictionibus
779 3575 808 3631 te
833 3573 967 3650 cognovit
988 3576 1017 3632 et
1036 3575 1218 3633 conservavit
1239 3571 1293 3635 tibi

189 3680 418 3743 misericordiam
439 3697 522 3740 suern
544 3681 703 3758 positione,
725 3685 757 3740 ut
779 3679 855 3740 dono
877 3679 1028 3758 pastoralis
1049 3681 1135 3742 officii
1148 3683 1218 3760 'ipse
1240 3680 1293 3760 eji-

189 3793 245 3851 ciat
264 3789 373 3851 alacie
394 3793 444 3849 tua
465 3787 629 3861 inimicum,
651 3787 761 3849 scilicet
777 3787 880 3848 ovibus
898 3787 949 3848 tibi
971 3789 1133 3852 commissis
1153 3789 1293 3851 insidian-

189 3905 250 3961 tem
268 3897 371 3976 lupum
389 3893 556 3970 diabolum,
578 3895 728 3974 dicatque:
751 3891 909 3956 Conterera.
952 3894 1042 3974 Cujus
1059 3897 1167 3958 dixisse
1186 3895 1292 3960 iecisse

191 4012 251 4082 est,
276 4006 345 4084 quie
371 4003 506 4066 videlicet
533 4001 597 4064 solo
623 4003 712 4064 verbo
736 4002 799 4082 ejus
819 4009 907 4081 caput
927 4005 1037 4084 antiqui
1058 4006 1201 4092 serpentis
1221 4024 1292 4070 con-

190 4116 302 4188 teritur,
324 4116 424 4174 venter
440 4111 647 4190 disrumpitur,
671 4110 762 4174 cauda
783 4113 858 4175 sicut
878 4111 984 4174 cedrus
1004 4115 1101 4176 stricta
1120 4114 1168 4177 rel
1189 4114 1292 4178 eidose

196 4239 488 4256 *un—1¹·—

227 4283 252 4367 ι’)
272 4267 409 4358 beuteron.
428 4301 620 4364 xxx111,to.
713 4295 717 4306 “
