2832 4828
721 389 766 458 tn

190 581 281 660 petias
301 582 423 658 tulisse,
452 583 613 664 loquuntur
634 594 840 662 monumenta,
871 607 946 668 quae
966 587 1118 650 attulimus
1138 589 1168 648 tn
1193 590 1297 650 nostro

190 711 294 771 opere:
325 691 453 774 Anapus
471 703 498 757 at
517 713 592 756 noco
618 692 843 758 Archidioeceaia
866 695 1023 760 Coloniam.
1045 697 1128 760 Tom.
1153 699 1174 758 l.
1218 697 1298 759 Sane

188 804 285 881 ipsum
306 801 546 878 latiasellnnonis,
568 803 784 885 archiepiscopi
802 803 993 880 coloniensis,
1016 823 1143 885 quosaam
1164 807 1298 888 reginam

188 912 324 974 salutavit
336 912 529 986 Plectrudem,
540 915 758 991 integerrimum
776 917 910 988 amicum,
927 913 1164 978 iacilecredimus
1175 917 1299 993 pmpter

188 1019 284 1082 Bodas
305 1023 504 1084 testimonium
526 1020 589 1084 libr.
613 1020 642 1083 5.
671 1021 781 1086 Histor.
804 1023 915 1103 Anglic.
938 1023 1009 1104 Cap.
1035 1023 1082 1084 tn.
1113 1022 1196 1086 Cous.
1219 1039 1298 1101 quo-

188 1149 247 1208 quo
267 1128 483 1210 Hagiographos
499 1129 703 1212 Antverpiens.
726 1135 754 1192 in
772 1131 988 1194 Commentario
1006 1131 1123 1210 praevio
1145 1132 1182 1193 ad
1194 1129 1297 1192 Vitam

188 1238 217 1300 S.
239 1237 379 1302 suitberti
401 1245 429 1313 §-
452 1239 501 1303 Vl.
523 1239 606 1301 'l'oun
630 1241 651 1304 l.
674 1239 770 1302 Martii
801 1247 850 1302 aut
878 1241 963 1305 Tom.
985 1242 1034 1304 Vl.
1066 1240 1163 1302 Actor.
1186 1239 1296 1304 Seleut.

186 1347 287 1427 Belgii.
1065 1356 1068 1362 '

249 1457 379 1536 Certiora
406 1459 491 1520 affert
512 1459 660 1522 saeculum
682 1461 736 1523 lX.
759 1461 887 1524 Annales
908 1463 985 1524 enim
1008 1461 1111 1522 breues
1133 1457 1295 1522 Colonien-

186 1585 243 1642 ses,
265 1587 339 1647 quos
361 1569 474 1647 primus
495 1569 585 1630 edidit
606 1587 694 1648 supra
716 1569 848 1632 laudatus
870 1573 972 1633 loann.
995 1569 1101 1648 Georg.
1123 1567 1159 1629 ab
1180 1566 1295 1628 llckart

185 1675 321 1738 Francius
343 1675 482 1738 Oriental.
505 1676 587 1738 Tom.
604 1678 640 1740 ll.
664 1697 727 1758 pag.
750 1678 832 1752 917,
854 1697 931 1742 nunc
952 1683 1049 1744 autem
1071 1679 1165 1740 recusi
1186 1677 1293 1755 legun-

185 1764 233 1848 tur
252 1785 335 1848 Tom.
358 1787 380 1848 1.
401 1784 585 1848 Monument.
598 1783 737 1849 German.
759 1787 860 1850 histor.
882 1807 947 1868 pag.
969 1787 1029 1863 97,
1051 1784 1292 1864 referuntquod,

184 1913 252 1956 cum
265 1893 461 1970 fladebaldus,
484 1895 932 1976 ArchiepiscnpusColoniensis,
954 1895 1122 1959 arnosto.
1149 1893 1292 1956 iniirmari

184 2005 322 2082 coeperit,
343 2009 447 2083 quarto
463 2010 528 2084 post
549 2023 634 2079 anno,
657 2022 762 2084 nempe
783 2003 853 2066 sat.
877 2007 1025 2068 ordinatus
1046 2006 1084 2068 sit
1098 2003 1291 2068 Hildebertus

184 2111 427 2192 Chorepisoopus,
437 2115 487 2194 qui
498 2115 597 2193 viginti
607 2115 766 2176 octoannis
783 2133 846 2176 rem
863 2113 1085 2178 ecclesiasticam
1102 2115 1289 2179 admInistra·

183 2225 233 2284 vit.
276 2223 322 2286 Ad
343 2241 450 2285 annum
477 2225 555 2298 enim
575 2220 648 2284 862.
670 2221 776 2286 obiisse
797 2223 947 2286 annalista
968 2223 1066 2296 refert,
1093 2241 1183 2304 quem
1204 2239 1290 2284 coae-

184 2349 254 2393 vum
276 2330 382 2405 inisse,
403 2334 545 2394 testantur
566 2332 670 2406 verba,
702 2349 778 2410 quae
805 2331 902 2411 adjicit
921 2333 958 2393 ad
988 2349 1096 2395 annum
1118 2328 1209 2393 ets:
1241 2328 1290 2392 Eo
1401 2361 1402 2408 p

183 2459 259 2503 nouo
281 2439 362 2505 adici
383 2439 513 2503 Roroom.
556 2440 591 2501 in
611 2439 742 2502 Ecclesia
764 2441 793 2503 S.
816 2440 958 2503 Gereouis
980 2440 1119 2538 Coloriae
1139 2438 1291 2518 ejus'Hil·

184 2549 286 2612 diberti
315 2549 444 2611 hebetur¹
468 2547 657 2628 Epitaphium
680 2549 817 2610 marmori
848 2551 988 2624 incisum,
1019 2565 1079 2627 quo
1107 2548 1196 2611 etiam
1224 2547 1290 2610 dies

143 2664 146 2670 '
183 2657 335 2724 mortualis
362 2661 493 2722 notatur:
588 2742 590 2748 Ι

399 2835 577 2896 [indicemus.
595 2835 693 2887 moritis
711 2835 757 2900 qul
774 2836 846 2888 tuisit
864 2836 1011 2902 Episcopus

201 2990 205 3002 ¹
260 2927 265 2930 ’
397 2931 492 2992 Alanis,
511 2937 662 2994 assumptus
680 2931 759 2989 coelo,
778 2932 826 2983 hoo
841 2932 909 2992 jacet
926 2932 954 2984 in
976 2933 1085 2986 tumulo.

217 3089 234 3134 Η
282 3027 354 3084 Obiit
372 3040 439 3079 anno
458 3027 587 3078 incarnat.
606 3025 710 3077 Domini
729 3023 897 3120 DCddLlill.
916 3027 965 3078 lli.
985 3026 1097 3080 Kalend.
1115 3027 1187 3081 Julii.

244 3199 410 3279 Antequam
421 3197 549 3260 Annales
560 3199 637 3261 citati
655 3201 779 3260 mortem
792 3195 1011 3276 Areuiepiscopi
1027 3195 1189 3260 lladebaldi
1200 3202 1286 3261 nota·

181 3311 290 3386 verint,
319 3309 356 3371 ad
377 3325 485 3370 annum
507 3304 578 3369 Sil.
600 3305 727 3367 hahent:
758 3303 920 3368 meantum
947 3307 1056 3387 occepit
1076 3303 1286 3388 Episcopotom

182 3416 323 3482 Coloniae.
357 3421 415 3482 iste
431 3412 590 3481 Hilduinus
606 3417 634 3476 iu
657 3414 738 3476 nullo
760 3413 1286 3495 ArchiepisooporumColoniensium

179 3529 309 3608 catalogo
342 3527 528 3600 observatur,
562 3527 621 3586 imo
649 3539 688 3585 er
717 3525 774 3586 rita
804 3523 834 3586 S.
856 3522 1023 3596 Ansoharii,
1054 3541 1142 3603 quam
1171 3527 1286 3604 scripsit

179 3635 370 3710 Rembertus,
407 3633 543 3713 colligere
570 3632 729 3706 debemus,
761 3651 797 3695 eo
831 3638 963 3712 tempore
995 3631 1285 3711 Archiepisoopatum

179 3733 299 3827 pastore
315 3733 405 3808 tuisse
426 3745 585 3818 viduatum,
608 3745 669 3806 sive
691 3747 723 3804 ut
745 3741 832 3806 verba
848 3741 997 3804 ltemherti
1018 3741 1148 3803 habenta
1165 3740 1284 3805 Colonia

64 3869 67 3874 ’
179 3855 317 3916 diuturno
346 3864 470 3934 tempore
499 3855 604 3934 absque
630 3851 827 3914 benedictione·
846 3853 970 3931 depebot.
1025 3849 1182 3925 Quomodo
1215 3869 1284 3931 ergo

178 3963 346 4039 Hilduinus,
368 3965 485 4027 vivente
506 3961 626 4026 forsitan
646 3957 942 4034 adhuc-‘Hadelmldo
964 3959 1183 4022 administrante
1203 3964 1282 4022 certo

177 4073 350 4136 Hildeberto
368 4071 595 4153 chorepiscopo,
609 4071 818 4150 Episcopatnm
829 4070 960 4148 accipere
972 4069 1086 4149 potuit‘t
1107 4067 1183 4132 Non·
1195 4069 1282 4131 inire·

178 4199 272 4262 quens
293 4200 329 4244 eo
349 4185 412 4243 erat
433 4185 574 4262 tempore,
596 4183 630 4240 ut
650 4178 798 4257 Episcopi,
823 4180 848 4240 si
869 4178 925 4257 ipsi
945 4194 998 4240 sua
1019 4196 1139 4240 munera
1160 4177 1283 4258 implere

178 4308 236 4352 non
268 4289 431 4369 potuerint,
462 4289 535 4352 duos
562 4287 617 4351 sibi
647 4286 786 4366 eligerent
815 4285 1046 4368 Chorepisoopos
1070 4290 1121 4348 aut
1141 4285 1281 4360 Vicarios,

179 4417 270 4463 unum
282 4417 336 4481 pro
348 4397 434 4462 Clero
455 4396 606 4474 saeculari,
627 4393 1054 4478 alterumprottonocntsasic
1075 4394 1280 4472 delimamus,
