2832 4828
662 387 710 460 Π

135 600 224 646 annes
247 583 333 646 honis
348 601 381 646 ae
403 585 493 646 sacris
514 582 616 646 litteris
634 601 755 662 operam
770 584 932 658 Bononiae,
954 587 984 644 et
1003 581 1039 644 ob
1051 577 1243 641 excellentem

135 693 164 752 in
185 693 221 754 iis
242 691 405 770 proiectum
436 690 597 754 declaratus
630 695 675 754 est
696 707 797 755 earum
822 689 972 752 Professor
995 695 1024 752 et
1051 688 1170 750 Ordinis
1197 687 1243 746 sui

135 797 334 860 Prouincialis.
357 800 428 860 lude
440 798 557 862 Bonuae
576 801 633 878 egit
649 801 880 860 concionatorem
898 816 1002 876 magno
1020 794 1120 874 populi
1129 793 1243 870 plausu,

134 908 321 986 innotuitque
348 907 576 986 Archiepiscopo
597 907 780 981 Coloniensi,
810 909 860 985 qui
887 924 955 966 eum
980 922 1068 966 suum
1096 901 1243 962 Vicarium

135 1016 291 1077 constituit.
334 1013 410 1078 Cum
430 1019 528 1078 autem
553 1033 609 1076 una
635 1033 701 1078 cum
720 1015 784 1078 eliis
805 1015 978 1094 quibusdam
992 1015 1062 1074 viris
1079 1011 1170 1072 doctis
1188 1009 1244 1070 Le·
1284 1069 1286 1073 ,

135 1127 219 1201 gatus
239 1125 275 1184 ad
296 1123 510 1186 Ferdinandum
528 1125 736 1201 imperatorem
757 1141 773 1186 a
796 1122 960 1186 Coloniensi
981 1119 1115 1199 Capitulo
1136 1122 1244 1180 missus

7 1269 8 1274 κ
135 1236 214 1292 esset
231 1233 372 1294 Viennam
390 1233 542 1306 Austriae,
561 1235 590 1294 in
609 1233 704 1294 reditu
727 1234 823 1310 coepit
842 1232 964 1292 adversa
978 1229 1144 1292 valetudine
1162 1229 1243 1290 labo·

135 1359 211 1415 rare,
233 1345 262 1402 et
276 1342 414 1405 advectus
431 1342 612 1420 Moguntiam
634 1341 711 1418 apud
729 1337 936 1402 Carthusianos
953 1340 1079 1400 animam
1096 1339 1153 1416 egit
1167 1355 1243 1398 anno

135 1450 253 1510 Domini
271 1447 363 1508 1563.
381 1448 429 1508 13.
448 1449 629 1528 Septemhr.,
651 1452 751 1510 aetatis
771 1446 839 1523 te,
858 1447 965 1508 ibidem
981 1449 1010 1506 in
1032 1443 1129 1508 Choro
1145 1445 1244 1526 sepul·

135 1561 194 1620 ius.
239 1557 308 1638 Ejus
329 1557 475 1638 epitaphio
494 1557 550 1619 hoc
569 1557 747 1635 adscriptum
767 1555 926 1618 distichon:

235 1805 237 1812 y
353 1734 462 1814 Inclyta
480 1737 503 1797 si
520 1734 627 1796 multos
642 1739 755 1814 pareret
773 1731 928 1794 Germania
944 1731 1027 1806 tales,

386 1843 524 1906 Haeresis
542 1846 645 1922 exiguo
662 1849 794 1922 tempore
814 1841 898 1922 pulsa
919 1840 1002 1902 soret.

200 1997 233 2056 ln
254 1995 327 2056 libro
354 1999 451 2056 autem
471 1999 655 2058 mortuorum
682 1997 760 2073 apud
787 1993 1000 2056 Conventuales
1019 1991 1156 2054 Coloniae
1173 1991 1244 2052 haec

135 2105 281 2182 leguntur.
326 2104 617 2180 ‚,Ann0MuLx111.
640 2102 694 2166 Xl.
706 2085 883 2182 ‘Septembu
903 2122 995 2182 prope
1018 2103 1200 2182 Mogentiam
1213 2103 1243 2162 in

135 2214 224 2275 domo
254 2213 513 2276 Carthusianorum
541 2213 612 2274 obiit
637 2214 840 2275 Reverendiss.
870 2212 902 2272 P.
932 2231 966 2273 ac
986 2213 1022 2272 D.
1047 2211 1095 2272 Fr.
1118 2213 1244 2274 loannes

134 2321 297 2384 Pennarius
328 2322 524 2397 Novesianus,
555 2321 759 2401 suffraganeus
786 2322 987 2397 Coloniensis,
1018 2339 1051 2382 ac
1079 2321 1243 2398 provinciae

135 2437 252 2492 nostrae
268 2431 450 2492 Coloniensis
465 2431 599 2493 Minister
617 2431 831 2494 Prouincialis.“

201 2537 270 2602 Post
295 2541 435 2602 loannem
461 2540 634 2602 Pennarium
663 2541 828 2620 designatus
850 2539 944 2602 luerat
963 2540 1168 2619 Sullraganeus
1190 2542 1244 2602 Jo-
1357 2538 1364 2543 “

134 2665 226 2709 annes
243 2649 436 2726 Walschartz,
454 2651 639 2729 Tungrensis,
658 2649 710 2712 SS.
725 2649 898 2730 Theolcgiae
918 2650 1026 2712 Ductor
1046 2654 1075 2709 et
1092 2648 1241 2726 Metropo-

134 2759 241 2820 litanae
260 2759 409 2822 Ecclesiae
426 2759 588 2822 Canonicus
607 2761 806 2835 Coloniensis,
823 2778 925 2824 verum
944 2758 991 2822 vel
1011 2777 1104 2837 opus,
1127 2758 1174 2820 vel
1200 2758 1243 2818 di·

134 2870 274 2946 gnitatem
290 2887 347 2930 non
366 2873 531 2948 acceptavit,
552 2871 629 2949 apud
646 2887 678 2930 se
693 2870 794 2932 crebro
805 2871 997 2948 perpendens,
1018 2868 1096 2947 quod
1117 2867 1151 2928 B.
1169 2866 1243 2928 Gre-

133 2978 235 3056 gorius
254 2977 331 3056 Papa
349 2979 386 3040 de
400 2997 433 3040 se
452 2981 596 3059 sociisque
611 2980 765 3059 Episcopis
781 2980 992 3057 pronuntiavit:
1016 2977 1162 3055 „Sollicite
1178 2995 1243 3040 csse

135 3088 395 3161 considerandum,
414 3106 452 3148 ne
473 3107 539 3163 nos,
558 3091 608 3168 qui
626 3071 693 3167 plus
709 3090 829 3150 caeteris
844 3092 873 3150 in
892 3089 948 3167 hoc
968 3091 1078 3152 mundo
1098 3092 1243 3168 accepisse

135 3198 301 3271 cernimur,
323 3196 359 3257 ab
379 3201 496 3258 auctore
517 3198 619 3258 mundi
644 3199 711 3258 iude
728 3201 843 3276 gravius
859 3198 1032 3276 judicemur.
1070 3196 1145 3259 Cum
1164 3201 1242 3259 enim

135 3308 278 3382 augentur
303 3305 394 3379 dona,
424 3309 549 3366 rationes
566 3309 652 3372 etiarn
671 3311 804 3368 crescunt
822 3307 996 3369 donorum.“
1014 3341 1054 3353 -
1079 3307 1125 3370 Eo
1144 3309 1242 3386 itaque

136 3413 314 3488 declinante,
331 3413 405 3475 alius
424 3413 534 3476 electus
557 3419 618 3490 est,
638 3408 791 3477 videlicet:
845 3431 847 3436 ·

223 3647 228 3658 ·
353 3609 454 3670 XXII.
497 3606 754 3672 THEOBALDUS
777 3608 1028 3672 CYRENENSIS.

127 3769 132 3780 =
198 3739 384 3802 Theobaldus
402 3741 563 3804 Crasselius
580 3761 633 3804 seu
651 3743 796 3815 Craschel,
811 3744 1062 3824 Aquisgranensis,
1079 3746 1242 3824 Episcopus

136 3848 323 3927 Cyrenensis,
343 3851 456 3928 dequo
477 3850 659 3928 Cratepolius
680 3855 708 3912 in
730 3852 867 3931 Catalogo
884 3853 1116 3934 Episcoporum:
1138 3855 1243 3930 „Anno

137 3955 229 4018 157a.
248 3958 279 4017 in
301 3957 347 4018 die
368 3958 454 4018 natali
476 3958 618 4037 Deiparae
631 3960 707 4038 Virg.
731 3967 916 4024 consecratus
935 3967 987 4036 est,
1003 3965 1061 4040 jam
1082 3965 1193 4024 dudum
1213 3967 1243 4024 in

135 4065 357 4146 Suffraganeum
377 4063 580 4128 Coloniensem
596 4070 769 4148 designatus,
785 4072 888 4132 debitis
906 4072 1097 4134 caeremoniis
1116 4072 1146 4132 in
1162 4090 1243 4133 sum-

135 4193 186 4236 ma
202 4174 285 4236 dede
305 4177 507 4238 Reverendiss.
526 4175 668 4240 Dominus
685 4177 879 4252 Theobaldus,
896 4177 1051 4256 Aquensis,
1068 4179 1242 4258 Theologiae

135 4281 287 4344 Professor
300 4285 434 4360 eximius,
452 4302 505 4362 per
514 4285 550 4346 ll.
560 4287 577 4346 J
579 4291 710 4356 oannem,
722 4285 981 4348 Mooasteriensem
993 4287 1241 4366 Suffraganeum.“

135 4395 204 4474 lpse
225 4409 301 4455 anno
325 4390 417 4458 1583.
438 4393 485 4456 die
512 4392 561 4456 19.
587 4393 705 4458 Octobr.
728 4394 856 4458 condidit
881 4397 1103 4472 testamentum,
1128 4397 1158 4459 in
1183 4415 1242 4478 quo
1291 4473 1292 4476 Ἴ
