2832 4828
175 578 272 648 mmus
291 577 360 650 sum
381 593 494 670 saptem
515 588 717 672 autquinque
738 593 875 672 stipatum
889 593 1051 674 lipiscopia‚
1073 598 1162 675 prout
1184 596 1284 675 ipsum

173 692 339 758 audirimus
361 697 528 775 dicentem,
554 698 665 779 absque
688 699 873 764 multitudine
899 699 966 765 esso
987 721 1044 765 non
1065 719 1163 783 posss.
1204 701 1285 767 Cum

173 818 245 866 vcro
266 823 317 867 eos
338 821 355 868 a
376 821 409 870 se
427 807 584 886 dimiserat,
605 807 692 872 solito
712 811 852 874 moestior
869 829 937 875 esse
957 815 1078 892 propter
1094 811 1284 874 solitudinem

171 911 333 989 ridebatur,
355 931 517 997 numquam
528 921 626 981 tcmen
648 931 749 982 carere
770 919 873 982 maluit
889 919 937 984 rel
957 919 1060 998 tribus,
1082 933 1209 1001 quor-mu
1223 921 1285 983 'lr's-

171 1023 354 1102 quentissimi
377 1033 460 1090 erant
481 1025 711 1109 Tronaqaordar
730 1027 1015 1111 hamaburgensis,
1047 1033 1095 1093 rir
1115 1033 1231 1110 sapiens
1251 1037 1285 1094 et

170 1119 429 1215 comes‘llpiscopi
451 1136 540 1198 etlam
561 1143 628 1199 ants
646 1137 867 1218 Episcopatum.
888 1137 972 1201 Alter
990 1144 1053 1202 erat
1064 1137 1191 1202 Joooaea
1212 1139 1283 1221 qul·

170 1239 238 1302 dam
260 1241 412 1304 Scotorum
443 1244 628 1325 Episcopus,
654 1235 707 1308 'a'lr
736 1247 861 1327 simplex
881 1251 912 1310 at
931 1249 1040 1312 timens
1070 1243 1200 1323 Il'eum,¹
1217 1251 1282 1330 qui,

170 1352 270 1428 postea
292 1351 322 1412 in
343 1351 525 1415 Solaronism
548 1357 671 1427 missus,
701 1355 808 1419 ibidem
830 1372 897 1420 cum
926 1359 1057 1438 principe
1086 1357 1282 1420 Gndresoaloo

169 1450 337 1522 interiectus
358 1466 410 1523 est.
429 1457 547 1525 Tertius
562 1459 644 1525 Bono
666 1480 773 1528 nomen
788 1463 899 1540 habuit,
920 1468 1072 1541 incertum,
1092 1467 1172 1528 unde
1190 1467 1281 1529 mlus

168 1570 221 1628 aut
240 1567 291 1631 ubi
313 1569 472 1645 ordinatus,
494 1573 544 1652 qui
565 1588 598 1634 se
619 1565 717 1636 tomen
729 1575 969 1655 peregrinationis
986 1587 1087 1638 amore
1106 1569 1281 1656 Hierosoly-

168 1693 247 1738 mam
268 1681 314 1740 ter
334 1682 490 1760 accessisse
508 1679 648 1759 iaciebat,
678 1683 804 1762 indeque
832 1681 1022 1765 Babyloniam
1052 1682 1278 1764 deportaturus

166 1783 332 1862 Saracenis,
362 1788 539 1870 tandemque
560 1789 689 1852 solutum
710 1781 825 1854 multns'
842 1805 896 1872 per
916 1789 1017 1855 orbem
1038 1779 1186 1854 transisse
1206 1809 1278 1872 pro·

167 1897 285 1959 vincias.
319 1895 397 1960 ‘Hos
418 1901 496 1974 tres,
523 1885 591 1961 cum
613 1914 672 1962 non
695 1905 793 1962 esseut
820 1897 890 1981 ejus
911 1901 1107 1981 Sullr'sganei,
1139 1919 1175 1963 eo
1196 1902 1274 1980 quod

166 2005 250 2067 sedes
272 2008 404 2087 proprias
426 2024 483 2070 non
505 2005 660 2084 haberent,
694 2009 802 2090 majori
828 2009 935 2073 fovisse
966 2005 1122 2072 clementia
1141 2009 1275 2072 dicitur⁴

165 2111 327 2196 Hucusque
342 2115 473 2178 Adamus
488 2103 668 2192 Bremeusis,
693 2135 730 2179 ex
744 2133 805 2198 ¹quo
820 2114 993 2198 colligimus,
1012 2117 1274 2199 Arclrlepiscopum

164 2221 357 2284 Adslbcrtum
377 2225 527 2286 ordinasse
547 2227 578 2286 et
598 2226 775 2288 sustentasse
796 2219 933 2305 rogantes
949 2225 1019 2290 illos
1034 2227 1196 2308 Episcopos
1213 2237 1274 2292 nod

164 2332 195 2392 in'
222 2331 387 2394 subsidium
408 2333 454 2394 sui
476 2331 571 2395 oneris
588 2327 761 2413 pastoralis,
784 2335 836 2446 sed
857 2335 893 2398 ad
915 2333 1148 2414 amplificandam
1169 2335 1275 2468 Cithe-

164 2437 234 2503 drae
255 2432 487 2520 llamburgensis
508 2441 638 2522 gloriam.

226 2547 274 2612 Ex
295 2547 387 2612 classe
406 2539 512 2611 horum
534 2551 699 2629 vagantium
716 2555 826 2631 primos
847 2551 937 2615 luisse
955 2549 1131 2614 Germaniae
1151 2557 1271 2632 septen·-

105 2708 120 2734 ,
163 2657 295 2722 triobolis
316 2657 482 2740 Apostolos,
506 2657 641 2722 nouimus
663 2674 780 2734 omnes,
803 2658 870 2741 qui,
892 2673 960 2722 cum
981 2659 1067 2722 alicui
1089 2657 1184 2724 certae
1204 2665 1271 2724 sese
1311 2737 1314 2743 ,

162 2764 306 2831 dederunt
325 2761 507 2848 regioni'aut
526 2767 620 2848 genti,
652 2768 717 2830 lacti
738 2773 807 2830 sunt
829 2759 1015 2848 chioocrri,
1038 2771 1116 2831 unde
1135 2769 1270 2832 liliiauus

162 2863 356 2963 Francorum,
378 2859 589 2940 willibrordus
609 2867 781 2951 Frisonum,
810 2877 973 2958 Smtbertus
994 2873 1142 2940 safrarum
1163 2878 1192 2941 et
1212 2877 1271 2942 Bo·-

161 2983 385 3061 rtittuariorum,
402 2983 567 3047 Bonilaoius
590 2976 802 3046 Germanorum
820 2971 954 3064 Apostoli
972 2979 1147 3067 etllpiscopi
1168 2988 1269 3049 dicuu-

161 3075 220 3170 tur,
231 3090 338 3174 quibus
355 3095 389 3156 ut
409 3093 478 3156 socii
490 3075 665 3174 quandoque
684 3109 717 3155 sc
732 3093 926 3172 adjunxerunt
939 3093 997 3172 abt,
1016 3105 1144 3175 quorum
1156 3091 1268 3167 mentio

160 3200 194 3265 nt
215 3203 244 3264 in
265 3199 417 3278 Consiliis,
439 3197 513 3282 εἷς.
534 3199 670 3263 Daddani'
685 3201 715 3262 ln
739 3194 856 3264 concilj
872 3199 1010 3264 German.
1035 3203 1075 3264 de
1098 3211 1173 3267 anno
1194 3201 1268 3266 lbi.

160 3308 220 3385 Qui
240 3321 351 3387 omnes,
372 3287 400 3375 si
412 3309 510 3373 'fixam
524 3290 674 3372 sibi⁷inter
689 3313 805 3389 genteri
822 3297 998 3372 'conversim
1010 3309 1152 3390 elegerint
1165 3313 1267 3374 sedem

160 3405 559 3502 erexeriutqueCathedram,
580 3433 691 3480 norum
700 3405 1082 3498 lsrnddntesllplscopatdm,
1104 3421 1268 3494 ordinariis,

159 3531 304 3589 annuente
325 3526 463 3590 Pontitlce
484 3528 625 3600 Romaim,
649 3523 874 3588 accersebantur
894 3525 1062 3607 Episcopis,
1083 3533 1134 3591 tut
1155 3529 1265 3592 Sullu-

124 3671 127 3678 .
159 3636 259 3716 ganeis
284 3636 372 3696 ricini
400 3624 618 3715 Metropolitae,
646 3636 772 3696 marimo
800 3635 826 3696 si
848 3633 914 3714 'ejus
940 3649 1029 3698 suasu
1055 3642 1105 3698 aut
1123 3635 1208 3718 jussu
1226 3635 1265 3700 a'd

159 3758 225 3806 eam
246 3727 279 3806 se
299 3745 497 3805 converterint
517 3747 632 3822 gentem
654 3731 801 3804 infidelem
820 3743 958 3804 vicinam.
1010 3745 1055 3807 Eo
1076 3747 1155 3808 euim
1176 3747 1266 3809 modo

158 3853 297 3914 missione
316 3851 346 3915 S.
367 3849 521 3925 lioniochl,
543 3853 676 3929 tempore
696 3849 863 3929 Dagoberti,
891 3849 1070 3916 Francorum
1088 3857 1177 3936 regis,
1199 3873 1264 3918 me⁴

159 3957 256 4023 diante
277 3960 394 4023 saeculo
415 3959 492 4034 vll,
512 3957 674 4020 Ecclesiam
688 3952 892 4023 coloniensem
914 3959 969 4021 sub
990 3959 1219 4045 Arcbiepiscopo
1231 3965 1264 4029 S.

157 4061 315 4134 Cuniberto
336 4053 392 4130 sibi
408 4059 620 4147 suffraganeam
639 4067 829 4147 acquisivisse
849 4063 942 4128 lentur
953 4065 1180 4150 llltrtjectinam.
1201 4071 1262 4149 Qui

157 4177 342 4250 Konloclrus‚
366 4179 408 4238 *ut
437 4177 533 4238 ramat
556 4167 704 4238 ‘Suuridas
730 4173 834 4238 Petrus
864 4175 902 4237 de
930 4173 1040 4240 Fusias
1062 4183 1261 4260 scriptoribus,

156 4291 259 4368 posteo
278 4289 401 4350 mortuis
423 4287 483 4348 suis
504 4286 650 4364 patronis,
681 4288 803 4362 agente
824 4283 883 4350 isto⁴
899 4283 1049 4366 repulsus,
1079 4285 1210 4352 vicarius
1230 4293 1261 4352 io

157 4393 374 4460 Pontidoalibdr
394 4390 804 4474 Golonleosulirchlspiseopi
824 4390 919 4457 lactus
937 4397 991 4471 eat,
1012 4397 1260 4476 quemadmodum
