2832 4828
203 547 447 628 contionibusque
468 565 503 610 eo
524 565 592 610 cum
614 545 709 610 iruotu
733 546 891 627 dirigendis
911 548 1260 622 accommodatissimum,
1281 551 1309 608 et

202 655 270 716 hine
290 656 450 735 quintilem
469 659 598 718 omnium
616 660 764 733 pastorum
783 655 918 718 manibus
937 658 1089 720 terendum
1108 662 1139 718 et
1160 674 1311 718 commen·

203 764 329 826 dendum
345 764 479 844 judicavi,
497 783 554 826 non
572 763 713 840 dubitans,
732 763 833 842 piures
850 783 886 826 er
904 764 1035 844 ejusdem
1051 767 1168 827 assidue
1186 766 1310 826 lectione

203 889 340 951 magnum
357 871 483 933 irucium
500 875 698 950 reportaturos
714 872 845 952 mihique
861 873 939 935 heud
957 891 1076 953 privem
1093 877 1217 953 gretiam
1233 893 1311 936 com·

203 961 395 1042 mendelionis
411 981 493 1044 istius
515 979 708 1060 hebiiuros¹).
736 981 811 1044 Dein
829 983 988 1062 praeterire
1009 1002 1133 1064 nequeo,
1149 985 1180 1044 in
1199 1001 1312 1062 nupere

204 1167 501 1184 m

256 1289 283 1360 1)
302 1293 360 1346 Hoc
388 1300 477 1348 nostro
502 1301 633 1362 tempore,
662 1309 714 1360 quo
743 1296 900 1348 insetiebllis
922 1297 1002 1360 riget,
1029 1309 1110 1348 nouos
1140 1299 1214 1350 omni
1245 1310 1311 1348 enno
1395 1303 1396 1326 ¹

302 1391 394 1444 edendi
413 1393 605 1450 catechismos,
632 1405 684 1444 non
702 1404 804 1456 semper
822 1393 854 1444 ab
872 1393 1002 1444 erroribus
1019 1393 1131 1452 liberos,
1148 1391 1262 1456 cupido,
1285 1394 1310 1446 in
1395 1423 1396 1432 κ

300 1485 453 1538 memoriam
473 1486 616 1539 reverende
634 1491 696 1538 sunt
713 1499 790 1537 eurea
808 1485 950 1538 clementis
968 1487 1045 1538 lllll.
1070 1487 1122 1538 1³1³.
1141 1488 1230 1548 rerba,
1249 1489 1310 1550 qui-

300 1579 350 1630 bus
366 1581 557 1633 catechismum
577 1581 722 1634 Tridentin.
746 1581 893 1645 specialiter
918 1581 1082 1634 commendet
1098 1588 1124 1633 et
1142 1583 1309 1646 praescribit:
1395 1643 1396 1652 ἵ

301 1675 426 1733 „Verum
449 1677 519 1728 hune
544 1676 640 1728 librum
661 1689 713 1728 non
731 1675 855 1728 mediocri
879 1676 967 1729 lebore
983 1683 1008 1729 et
1029 1677 1115 1728 studio
1137 1677 1310 1740 compositum
1395 1655 1396 1700 3

301 1772 417 1822 omnium
441 1763 612 1824 consensione
638 1772 773 1835 probetum
796 1777 822 1823 et
844 1772 954 1822 summis
973 1771 1095 1822 lendibus
1111 1771 1310 1835 exceptnm'bis
1395 1833 1396 1840 ἵ

301 1867 461 1930 temporibus
487 1879 503 1920 e
526 1871 660 1930 pestomm
678 1866 799 1917 manibus
821 1864 1005 1929 propemodum
1027 1867 1153 1918 novitatis
1169 1879 1245 1918 amor
1264 1879 1311 1917 er-
1395 1919 1396 1926 χ

299 1962 398 2034 cussit,
427 1974 486 2014 oum
502 1961 567 2013 elios
588 1967 666 2024 etque
689 1960 754 2012 aiios
778 1960 959 2012 catechismos
991 1960 1110 2012 erurlerit
1135 1959 1208 2012 nullo
1234 1960 1311 2012 modo

303 2068 362 2106 cum
388 2057 509 2108 nomano
536 2054 737 2118 comparandos:
764 2053 833 2105 unde
851 2053 902 2104 duo
925 2053 994 2106 male
1019 2053 1175 2106 extiteruntr
1199 2054 1311 2106 alterum
1395 2093 1396 2096 ,

302 2149 372 2212 quod
390 2151 435 2201 iila
447 2150 524 2202 tuerit
539 2152 567 2202 in
585 2149 676 2202 eedem
695 2148 804 2201 docendi
821 2149 919 2200 ratione
937 2161 1016 2213 prope
1036 2148 1140 2200 sublate
1158 2149 1311 2214 consensi03
1395 2165 1396 2204 1

303 2243 469 2308 oblatumque
501 2243 605 2310 pusillis
632 2243 761 2308 quoddam
789 2243 906 2295 scandali
933 2255 1031 2306 genus,
1059 2243 1154 2306 quibus
1182 2244 1236 2295 sibi
1260 2244 1311 2308 ipsi

302 2341 355 2401 iarn
371 2353 423 2391 non
444 2340 556 2405 emplius
574 2353 633 2392 esse
650 2339 786 2394 videretur
803 2339 834 2390 tn
853 2345 927 2390 terro
943 2337 1009 2389 labii
1023 2339 1104 2389 unius
1118 2341 1143 2389 et
1157 2351 1312 2390 emmonem
1395 2367 1396 2382 1

303 2421 462 2486 eorundem(
486 2434 622 2492 Alterum,
650 2434 719 2498 quod
739 2447 770 2486 ex
787 2433 896 2487 dirersis
914 2427 1201 2496 variisque'tredendee
1220 2431 1314 2485 cetbo?
1395 2457 1396 2496 3

211 2543 215 2552 ’
304 2530 370 2582 licae
396 2530 513 2584 veritatis
532 2529 677 2582 rationibus
704 2537 776 2582 ortae
800 2536 861 2581 sunt
886 2529 1078 2586 contentiones,
1103 2534 1129 2578 et
1148 2541 1180 2579 er
1196 2527 1312 2579 temula-

304 2627 373 2678 tione
386 2625 471 2688 ,dum
486 2626 553 2678 elius
571 2637 600 2678 se
618 2624 730 2690 spolio,
751 2624 819 2678 elius
834 2625 949 2690 cephen.
975 2624 1042 2676 ellus
1063 2623 1139 2676 l’eull
1157 2637 1189 2675 se
1210 2623 1312 2675 dictitet

304 2726 473 2780 sectatorem,
498 2721 686 2782 disjunctiones
715 2721 860 2774 reimerum
883 2725 909 2772 et
935 2731 1027 2784 meree
1052 2719 1178 2770 dissidia:
1200 2732 1311 2782 querum
1395 2709 1396 2724 ¹

305 2815 498 2868 dissensionum
517 2816 655 2868 acerbitate
672 2815 736 2866 nibil
754 2815 787 2866 ad
803 2815 852 2866 Dei
869 2814 977 2878 gloriam
996 2813 1163 2866 minuendum
1181 2814 1311 2866 exitialius
1395 2807 1396 2880 j

303 2916 441 2974 putemus,
470 2909 535 2960 nibil
553 2908 586 2960 ed
605 2908 789 2972 extinguendos
815 2909 927 2966 iruotus,
961 2920 1027 2971 quos
1053 2908 1228 2959 ecbristiane
1254 2907 1312 2958 dis·
1395 2887 1396 2956 ζ

304 3005 399 3066 cipline
411 3017 522 3066 nequem
540 3009 580 3056 est
598 3003 701 3057 Fideles
716 3003 858 3068 percipere,
878 3001 1073 3054 calamitioslus.
1110 3002 1202 3064 lteque
1218 3002 1311 3066 duplex

301 3097 351 3148 boc
369 3097 468 3148 melum
484 3103 513 3148 ut
532 3099 563 3149 eb
583 3097 702 3150 Ecclesia
725 3098 831 3149 tendent
850 3097 1015 3156 amoliretur,
1033 3096 1096 3148 illuc
1115 3095 1237 3148 duximus
1255 3096 1311 3148 red·
1395 3159 1396 3162 Ἴ

304 3191 432 3254 cundum,
457 3193 525 3244 unde
551 3193 657 3256 quidam
684 3205 776 3257 perum
800 3191 920 3258 prudenti
942 3191 1066 3248 oonsilio,
1094 3191 1214 3242 nonnulli
1236 3191 1311 3244 etiem

303 3289 425 3352 superbia
442 3287 527 3345 ducti.
551 3295 580 3339 ut
598 3299 657 3340 sese
674 3288 702 3340 ie
720 3287 840 3339 Ecclesia
859 3287 978 3348 lectitent
994 3286 1174 3350 sapientiores,
1193 3287 1249 3348 jem
1267 3286 1312 3336 du·

304 3384 366 3436 dum
387 3384 492 3438 fidelem
516 3384 640 3446 populum
670 3387 855 3446 avocaveruntr
884 3386 910 3432 et
924 3379 1034 3432 eundem
1050 3379 1245 3432 catechismum
1264 3383 1316 3432 llo·

303 3493 410 3532 menum
436 3480 584 3545 pastoribus
610 3478 754 3550 reimerum
775 3478 869 3528 iterum
893 3474 1075 3538 porrigendum
1091 3475 1313 3540 exisumrvimns3

303 3580 333 3626 ut
346 3587 397 3637 que
415 3575 515 3626 retione
532 3573 681 3626 confirmate
705 3572 767 3623 olim
785 3572 833 3624 tuit
853 3569 983 3621 catholice
1000 3569 1080 3631 tides,
1108 3575 1138 3620 et.
1150 3571 1178 3622 in
1196 3570 1313 3624 doctrine
1395 3633 1396 3646 χ

303 3668 454 3726 Ecclesiae,
481 3674 603 3732 quaeest
622 3667 749 3718 Columne
772 3665 906 3724 veritetis,
928 3664 1043 3716 fidelium
1066 3671 1167 3716 mentes
1192 3668 1313 3718 corrobo-
1395 3687 1396 3712 i

303 3767 391 3819 retee,
414 3762 504 3814 eedem
523 3775 592 3813 nuno
613 3774 628 3812 e
645 3761 720 3813 novis
739 3772 841 3824 quoque
860 3759 1042 3824 opinionibus,
1067 3760 1161 3823 quibus
1177 3774 1227 3812 nce
1248 3775 1313 3813 oon-

305 3856 406 3913 sensio,
435 3869 482 3908 nec
508 3857 648 3918 entiquites
669 3858 837 3918 suffragetur,
866 3867 944 3918 quem
970 3854 1121 3917 longissime
1138 3861 1313 3908 evertentur.·‘

303 3949 435 4004 Admonet
459 3955 515 4000 tum
533 3962 652 4003 summus
671 3950 792 4001 Pontifex
810 3947 1026 4012 Archiepiscopos
1045 3955 1071 4000 et
1097 3949 1256 4014 episcopos,
1285 3957 1314 4002 ut

304 4045 512 4106 catechismum,
527 4050 652 4108 tanquam
675 4045 821 4096 subsidium
840 4044 873 4095 ed
889 4057 1028 4108 prevarum
1042 4045 1193 4108 opinionum
1209 4047 1313 4098 iraudes

304 4139 473 4194 removendas
493 4145 519 4192 et
536 4152 624 4192 rerem
646 4137 789 4204 senemque
811 4140 955 4192 doctrinam
972 4139 1162 4204 properandum
1179 4141 1315 4192 stebilien⁴

304 4234 416 4298 demque
443 4235 625 4288 commendent
649 4241 675 4288 et
698 4237 883 4302 preescribent.
928 4235 1001 4286 Tem.
1024 4235 1067 4298 ll.
1103 4235 1213 4288 Bulierii
1236 4237 1312 4290 Rom.

304 4329 445 4383 continuet
462 4343 519 4394 peg.
539 4327 598 4383 tui.
613 4333 643 4387 li.
665 4329 811 4383 ccxxix.
829 4330 888 4383 Det.
904 4327 946 4383 rt.
963 4329 1034 4382 lunii
1050 4327 1128 4383 1761.
