2832 4828
85 601 237 668 Leolemis
257 599 429 683 Episcopus.
470 600 574 664 Adsita
596 605 657 664 erat
677 601 733 663 alia
755 603 881 682 capsula·
894 601 1003 682 lignea,
1031 605 1078 666 cui
1099 605 1195 685 impo-

84 714 163 776 sitae
183 714 261 774 duae
279 729 315 774 ex
344 714 515 774 tenuissimo
542 711 602 772 lieo
628 712 704 776 telae
725 715 755 773 et
783 714 873 774 incisa
901 711 972 776 baec
999 713 1105 776 uerba:
1136 711 1195 774 Per

83 821 290 901 neqle'pentiom
311 821 408 903 effusio
429 821 589 901 amputata.
633 819 704 884 lloc·
718 826 850 900 tempore
870 823 967 882 evenit
988 822 1092 895 etiam,
1114 823 1194 901 quod

84 935 187 992 narrat
212 930 366 994 Caesarius
386 925 563 990 Heisterbac.
579 926 629 1010 ¹),:·
645 928 851 1004 „Venerabilis
868 929 1032 1022 Episcopus
1057 927 1195 992 livoniae

83 1043 118 1100 et
132 1039 273 1117 magister
284 1033 468 1110 Lamberlns,
489 1035 624 1098 Decanus
643 1037 693 1102 SS.
712 1037 920 1118 Apostolorum
939 1040 968 1099 iu
981 1037 1111 1113 Colonia,
1125 1055 1194 1102 oum

84 1151 156 1210 ante
181 1165 274 1210 annos
291 1153 402 1224 paucos
420 1146 508 1206 simul
529 1147 564 1207 ad
581 1145 700 1210 Curiam
723 1151 877 1226 pergerent
900 1147 1098 1226 imperialem,
1116 1153 1146 1210 et
1164 1149 1194 1210 in

83 1259 134 1318 via
154 1255 190 1316 de
204 1255 361 1334 Scripturis
376 1255 646 1328 sermocinarentur,
668 1256 755 1318 etiam
773 1257 883 1318 mentio
899 1255 996 1318 habita
1011 1259 1056 1318 cst
1075 1256 1111 1318 de
1127 1275 1194 1318 cor·

83 1383 160 1442 pore
181 1359 298 1426 Gbristiss
333 1363 456 1432 ¹Decano
474 1365 502 1425 ln
518 1362 575 1426 boo
592 1364 779 1427 Sacrameoto
793 1365 932 1428 efferente
952 1363 1040 1426 fidem
1059 1363 1194 1426 christia-

83 1489 174 1546 nam,
196 1471 552 1552 Episcopus-respondite
574 1470 652 1536 Novi
678 1474 882 1548 Sacerdotem,
911 1476 961 1556 qni
982 1492 1077 1554 nuper
1103 1473 1197 1536 oculis

83 1581 289 1659 corporalibus
313 1575 464 1642 Christum
487 1582 516 1642 in
536 1581 629 1643 Alteri
648 1583 737 1657 aidit3
764 1600 781 1644 a
805 1600 950 1662 quocum
970 1580 1104 1644 Decauus
1124 1600 1193 1661 per·

83 1707 190 1752 sonam
207 1693 283 1752 tanta
303 1692 415 1751 risione
432 1691 547 1770 dignam
565 1693 740 1770 extorquere
758 1695 827 1754 tuno
846 1711 904 1755 nou
924 1693 1074 1770 potuisset,
1092 1692 1195 1754 ultima

84 1800 144 1874 die,
165 1799 281 1878 quando
307 1800 460 1876 separandi
478 1789 558 1862 erant
576 1799 612 1868 ab
631 1802 763 1871 invicem,
784 1801 948 1880 Episcopus
970 1803 998 1862 ei
1018 1807 1063 1862 est
1080 1800 1194 1863 conlea-

83 1901 239 1985 ausonia
263 1909 326 1986 ipse
351 1913 455 1969 esset.“
498 1909 581 1970 Idem
610 1908 813 1973 Selcueusium
837 1910 1000 1989 Episcopus
1027 1910 1194 1974 Bernardua

83 2035 163 2078 anon
180 2014 271 2075 1221.
291 2015 508 2095 Schaueoburgi
524 2017 565 2078 'ad
590 2017 735 2096 Visurgim
752 2013 937 2093 Oratorium,
962 2019 1025 2079 sive
1042 2017 1192 2098 Capellam

83 2129 116 2188 et
140 2123 243 2186 Altare
265 2125 293 2188 in
316 2119 458 2186 honorem
483 2125 513 2187 S.
541 2124 682 2188 Pancratii
704 2125 842 2207 Martyris
869 2127 1027 2202 dedicerit,
1049 2133 1083 2188 ut
1101 2126 1193 2190 reiert

84 2231 251 2294 Chronicon
283 2231 491 2311 llindenso²)·;
518 2237 548 2294 et
578 2235 606 2294 in
627 2231 863 2297 Martenieldeusi
884 2233 1030 2298 Chronico
1056 2235 1119 2300 MS.
1142 2251 1191 2300 aa·

83 2343 202 2415 seritur,
215 2345 347 2420 tempore
355 2341 479 2404 Winrici
489 2341 611 2426 Abbatis
622 2342 804 2406 Bernardum
813 2343 849 2406 de
862 2344 977 2423 Lippia‚
988 2343 1191 2408 Solonieusem

83 2437 279 2528 Episcopum,
300 2451 426 2512 litteram
451 2449 577 2525 dedisse,
602 2454 631 2514 in
658 2471 717 2531 qua
742 2453 979 2533 exprimebantur
999 2453 1084 2535 bona,
1115 2473 1191 2535 quan

82 2564 149 2639 ipse
166 2557 331 2621 contulerat
348 2563 535 2628 monasterio.
576 2560 666 2622 Addit
686 2563 764 2624 idem
786 2560 968 2638 Chronicon,
991 2564 1090 2642 „quod
1110 2564 1191 2644 ejus-

83 2672 152 2732 dem
168 2669 290 2730 Abbatis
310 2672 443 2749 tempore
461 2667 581 2732 Basilica
602 2671 733 2750 ejusdem
750 2674 919 2745 monasterii
935 2676 974 2735 sit
989 2678 1190 2736 consummata

82 2785 113 2841 et
134 2780 328 2842 convenerint
345 2779 381 2864 ad
405 2780 596 2842 dedicandam
621 2799 686 2842 eam
709 2781 873 2844 Reverendi
895 2781 1006 2857 Patren,
1028 2782 1139 2846 scilicet
1159 2787 1190 2848 iu

81 2907 172 2952 earne
192 2889 321 2964 nobiles,
345 2889 407 2951 sed
425 2891 533 2954 virtute
564 2889 744 2968 nobiliores,
763 2891 962 2955 'l'beodorious
986 2892 1023 2954 de
1046 2892 1190 2972 lsenbnrg

82 2999 337 3072 blnnasteriensis,
359 2997 513 3080 Adolpbus
535 2999 776 3079 osnaburgensis,
798 2999 950 3064 Conradus
971 2999 1131 3064 lssndensia
1160 3006 1190 3064 et

81 3109 250 3178 Beruardus
271 3109 308 3171 de
329 3108 433 3188 lippia
455 3111 621 3173 Selonenais
635 3110 833 3174 Ecclesiarnm
853 3111 1001 3192 Episcopi.
1023 3113 1190 3193 Interquos

82 3219 118 3280 I).
139 3217 341 3280 Theodericus
363 3223 426 3280 erat
452 3219 635 3300 principalis,
658 3225 726 3302 quia
748 3221 806 3283 loci
838 3223 1002 3286 ordinarius
1023 3227 1053 3284 et
1073 3222 1189 3286 dioece-

82 3345 190 3408 sanus3
210 3330 274 3407 ipse
295 3331 374 3389 enirn
397 3328 541 3390 dedicavit
561 3347 710 3392 summum
727 3329 830 3392 aiore
851 3334 883 3392 et
897 3328 1075 3392 Ecclesiam:
1096 3329 1188 3394 Adol-

81 3435 160 3514 pbos
192 3435 427 3517 osnabrugensis
457 3439 608 3526 dedicavit.
623 3441 726 3502 omnia
759 3439 869 3501 Altaria
895 3443 970 3502 circe
1004 3438 1128 3504 chorum
1156 3443 1187 3504 iu

81 3549 202 3609 sinistra
234 3552 331 3625 parte,
354 3547 508 3610 Conradus
538 3548 700 3610 Mindensis
721 3549 865 3626 dedicavit
892 3550 989 3612 omnia
1010 3546 1122 3611 Altaria
1150 3549 1187 3611 ad

81 3655 231 3719 dexteram
254 3661 382 3734 partem3
414 3658 540 3736 denique
560 3655 724 3720 Bernardus
745 3658 782 3718 de
803 3657 906 3737 lippia
927 3659 1072 3721 &dicarit
1086 3658 1187 3722 Altare

80 3767 109 3826 S.
133 3765 237 3827 Crucis
259 3765 287 3825 in
310 3763 402 3827 oborn
422 3783 630 3828 conversorum
654 3771 684 3827 et
705 3768 803 3828 omnia
825 3767 934 3830 Altaria
955 3768 1068 3848 reliqua
1089 3769 1118 3829 in
1140 3771 1187 3832 io·

80 3864 184 3926 feriori
204 3871 286 3946 parte
301 3865 409 3946 ,templi
431 3869 468 3930 ad
487 3866 677 3950 occidentem.
706 3867 806 3932 ,Facta
830 3875 876 3930 est
891 3875 990 3932 autem
1011 3870 1084 3932 baec
1109 3871 1188 3934 sole·

79 3975 316 4038 muisdedicatio
336 3977 498 4038 innomine
518 3977 562 4038 Ss.
570 3982 599 4038 et
615 3977 782 4039 individuae
793 3978 951 4054 Trinitatis,
972 3980 1008 4042 ad
1022 3982 1187 4042 veneratio·

78 4103 148 4146 uem
171 4089 332 4164 perpetuae
350 4083 479 4164 Virginis
500 4085 628 4159 Mariae,
645 4104 722 4152 anuo
739 4089 849 4168 gratiae
872 4088 1069 4165 MGCXXH„
1091 4089 1186 4168 pridie
1283 4141 1285 4144 a

118 4313 144 4374 l)
163 4312 235 4364 Libr.
255 4311 305 4366 IX.
325 4309 425 4375 Dialng.
443 4324 499 4378 cap.
515 4309 543 4370 l.

116 4404 147 4476 2)
164 4406 252 4474 apuu.
271 4407 395 4462 Meibnm.
408 4408 531 4472 scriptor.
550 4407 671 4462 German.
694 4407 767 4462 Tom.
781 4410 803 4462 1.
819 4421 876 4474 pag.
888 4406 950 4462 aaa

963 4505 984 4570 3
