<?xml version="1.0" encoding="UTF-8"?>
<!DOCTYPE html PUBLIC "-//W3C//DTD XHTML 1.0 Transitional//EN"
    "http://www.w3.org/TR/xhtml1/DTD/xhtml1-transitional.dtd">
<html xmlns="http://www.w3.org/1999/xhtml" xml:lang="en" lang="en">
 <head>
  <title>
</title>
<meta http-equiv="Content-Type" content="text/html;charset=utf-8" />
  <meta name='ocr-system' content='tesseract 3.04.00' />
  <meta name='ocr-capabilities' content='ocr_page ocr_carea ocr_par ocr_line ocrx_word'/>
</head>
<body>
  <div class='ocr_page' id='page_1' title='image "./suffraganeicolo00heisgoog_0095.png"; bbox 0 0 2832 4828; ppageno 0'>
   <div class='ocr_carea' id='block_1_1' title="bbox 716 329 763 400">
    <p class='ocr_par' dir='ltr' id='par_1_1' title="bbox 716 329 763 400">
     <span class='ocr_line' id='line_1_1' title="bbox 716 329 763 400; baseline 0.021 -1"><span class='ocrx_word' id='word_1_1' title='bbox 716 329 763 400; x_wconf 87' lang='lat'><strong>80</strong></span> 
     </span>
    </p>
   </div>
   <div class='ocr_carea' id='block_1_2' title="bbox 187 515 1398 716">
    <p class='ocr_par' dir='ltr' id='par_1_2' title="bbox 187 515 1398 716">
     <span class='ocr_line' id='line_1_2' title="bbox 187 515 1397 608; baseline -0.001 -20"><span class='ocrx_word' id='word_1_2' title='bbox 187 527 277 588; x_wconf 86' lang='lat' dir='ltr'><strong>millia</strong></span> <span class='ocrx_word' id='word_1_3' title='bbox 300 525 439 589; x_wconf 86' lang='lat' dir='ltr'><strong>fidelium.</strong></span> <span class='ocrx_word' id='word_1_4' title='bbox 495 528 549 589; x_wconf 87' lang='lat' dir='ltr'><strong>bie</strong></span> <span class='ocrx_word' id='word_1_5' title='bbox 580 530 707 590; x_wconf 90' lang='lat' dir='ltr'><strong>secunda</strong></span> <span class='ocrx_word' id='word_1_6' title='bbox 741 527 922 608; x_wconf 85' lang='lat' dir='ltr'><strong>Septembr.‚</strong></span> <span class='ocrx_word' id='word_1_7' title='bbox 955 545 1031 608; x_wconf 86' lang='lat' dir='ltr'><strong>quae</strong></span> <span class='ocrx_word' id='word_1_8' title='bbox 1052 531 1115 589; x_wconf 86' lang='lat' dir='ltr'><strong>erat</strong></span> <span class='ocrx_word' id='word_1_9' title='bbox 1136 525 1298 596; x_wconf 84' lang='lat' dir='ltr'><strong>Dominica,</strong></span> <span class='ocrx_word' id='word_1_10' title='bbox 1396 515 1397 522; x_wconf 55' lang='lat'><em>&#39;</em></span> 
     </span>
     <span class='ocr_line' id='line_1_3' title="bbox 189 635 1398 716; baseline -0.002 -20"><span class='ocrx_word' id='word_1_11' title='bbox 189 635 308 700; x_wconf 83' lang='lat' dir='ltr'><strong>Novesii</strong></span> <span class='ocrx_word' id='word_1_12' title='bbox 330 637 527 709; x_wconf 87' lang='lat' dir='ltr'><strong>consecravit,</strong></span> <span class='ocrx_word' id='word_1_13' title='bbox 549 641 579 697; x_wconf 89' lang='lat' dir='ltr'><strong>et</strong></span> <span class='ocrx_word' id='word_1_14' title='bbox 598 637 661 698; x_wconf 87' lang='lat' dir='ltr'><strong>Deo</strong></span> <span class='ocrx_word' id='word_1_15' title='bbox 689 641 718 698; x_wconf 90' lang='lat' dir='ltr'><strong>et</strong></span> <span class='ocrx_word' id='word_1_16' title='bbox 738 639 768 699; x_wconf 87' lang='lat' dir='ltr'><strong>S.</strong></span> <span class='ocrx_word' id='word_1_17' title='bbox 797 637 952 699; x_wconf 83' lang='lat' dir='ltr'><strong>Erancisco</strong></span> <span class='ocrx_word' id='word_1_18' title='bbox 974 637 1114 698; x_wconf 83' lang='lat' dir='ltr'><strong>dedicavit</strong></span> <span class='ocrx_word' id='word_1_19' title='bbox 1134 635 1298 696; x_wconf 79' lang='lat' dir='ltr'><strong>Ecclesiam</strong></span> <span class='ocrx_word' id='word_1_20' title='bbox 1397 711 1398 716; x_wconf 5' lang='grc' dir='ltr'>ἵ</span> 
     </span>
    </p>
   </div>
   <div class='ocr_carea' id='block_1_3' title="bbox 185 743 1299 932">
    <p class='ocr_par' dir='ltr' id='par_1_3' title="bbox 185 731 1398 932">
     <span class='ocr_line' id='line_1_4' title="bbox 185 743 1299 820; baseline -0.002 -15"><span class='ocrx_word' id='word_1_21' title='bbox 185 743 240 806; x_wconf 83' lang='lat' dir='ltr'><strong>FF.</strong></span> <span class='ocrx_word' id='word_1_22' title='bbox 271 746 377 807; x_wconf 81' lang='lat' dir='ltr'>Minor.</span> <span class='ocrx_word' id='word_1_23' title='bbox 407 765 474 805; x_wconf 93' lang='lat' dir='ltr'><strong>cum</strong></span> <span class='ocrx_word' id='word_1_24' title='bbox 496 745 589 806; x_wconf 90' lang='lat' dir='ltr'><strong>tribus</strong></span> <span class='ocrx_word' id='word_1_25' title='bbox 611 745 767 807; x_wconf 79' lang='lat' dir='ltr'><strong>Altaribus.</strong></span> <span class='ocrx_word' id='word_1_26' title='bbox 810 745 878 820; x_wconf 84' lang='lat' dir='ltr'><strong>Quo</strong></span> <span class='ocrx_word' id='word_1_27' title='bbox 906 747 1010 807; x_wconf 89' lang='lat' dir='ltr'><strong>codem</strong></span> <span class='ocrx_word' id='word_1_28' title='bbox 1032 745 1079 806; x_wconf 89' lang='lat' dir='ltr'><strong>die</strong></span> <span class='ocrx_word' id='word_1_29' title='bbox 1101 747 1136 806; x_wconf 90' lang='lat' dir='ltr'><strong>ab</strong></span> <span class='ocrx_word' id='word_1_30' title='bbox 1159 745 1233 806; x_wconf 89' lang='lat' dir='ltr'><strong>hora</strong></span> <span class='ocrx_word' id='word_1_31' title='bbox 1254 763 1299 805; x_wconf 88' lang='lat' dir='ltr'><strong>se·</strong></span> 
     </span>
     <span class='ocr_line' id='line_1_5' title="bbox 187 853 1299 932; baseline 0.001 -19"><span class='ocrx_word' id='word_1_32' title='bbox 187 855 283 915; x_wconf 85' lang='lat' dir='ltr'><strong>cunda</strong></span> <span class='ocrx_word' id='word_1_33' title='bbox 305 853 501 932; x_wconf 88' lang='lat' dir='ltr'><strong>pomeridiana</strong></span> <span class='ocrx_word' id='word_1_34' title='bbox 522 871 616 932; x_wconf 87' lang='lat' dir='ltr'><strong>usque</strong></span> <span class='ocrx_word' id='word_1_35' title='bbox 638 855 673 914; x_wconf 91' lang='lat' dir='ltr'><strong>ad</strong></span> <span class='ocrx_word' id='word_1_36' title='bbox 705 855 846 916; x_wconf 82' lang='lat' dir='ltr'><strong>decimam</strong></span> <span class='ocrx_word' id='word_1_37' title='bbox 869 857 959 916; x_wconf 88' lang='lat' dir='ltr'><strong>noctis</strong></span> <span class='ocrx_word' id='word_1_38' title='bbox 981 855 1010 914; x_wconf 91' lang='lat' dir='ltr'><strong>in</strong></span> <span class='ocrx_word' id='word_1_39' title='bbox 1032 853 1088 916; x_wconf 91' lang='lat' dir='ltr'><strong>boe</strong></span> <span class='ocrx_word' id='word_1_40' title='bbox 1117 871 1195 914; x_wconf 85' lang='lat' dir='ltr'><strong>novo</strong></span> <span class='ocrx_word' id='word_1_41' title='bbox 1228 871 1299 914; x_wconf 88' lang='lat' dir='ltr'><strong>con·</strong></span> 
     </span>
    </p>
   </div>
   <div class='ocr_carea' id='block_1_4' title="bbox 187 961 1399 1040">
    <p class='ocr_par' dir='ltr' id='par_1_4' title="bbox 187 961 1399 1040">
     <span class='ocr_line' id='line_1_6' title="bbox 187 961 1399 1040; baseline 0.001 -17"><span class='ocrx_word' id='word_1_42' title='bbox 187 967 299 1024; x_wconf 87' lang='lat' dir='ltr'><strong>secrato</strong></span> <span class='ocrx_word' id='word_1_43' title='bbox 322 961 431 1039; x_wconf 84' lang='lat' dir='ltr'><strong>templo</strong></span> <span class='ocrx_word' id='word_1_44' title='bbox 452 961 634 1023; x_wconf 84' lang='lat' dir='ltr'><strong>confirmavit</strong></span> <span class='ocrx_word' id='word_1_45' title='bbox 663 961 730 1040; x_wconf 91' lang='lat' dir='ltr'><strong>plus</strong></span> <span class='ocrx_word' id='word_1_46' title='bbox 760 981 847 1040; x_wconf 86' lang='lat' dir='ltr'><strong>quam</strong></span> <span class='ocrx_word' id='word_1_47' title='bbox 876 963 934 1024; x_wconf 92' lang='lat' dir='ltr'><strong>duo</strong></span> <span class='ocrx_word' id='word_1_48' title='bbox 963 963 1052 1023; x_wconf 93' lang='lat' dir='ltr'><strong>millia</strong></span> <span class='ocrx_word' id='word_1_49' title='bbox 1082 967 1112 1022; x_wconf 89' lang='lat' dir='ltr'><strong>et</strong></span> <span class='ocrx_word' id='word_1_50' title='bbox 1141 967 1299 1024; x_wconf 85' lang='lat' dir='ltr'><strong>sexcentos</strong></span> <span class='ocrx_word' id='word_1_51' title='bbox 1398 1004 1399 1034; x_wconf 46' lang='lat' dir='ltr'><strong>r</strong></span> 
     </span>
    </p>
   </div>
   <div class='ocr_carea' id='block_1_5' title="bbox 188 1069 1297 1149">
    <p class='ocr_par' dir='ltr' id='par_1_5' title="bbox 188 1069 1297 1149">
     <span class='ocr_line' id='line_1_7' title="bbox 188 1069 1297 1149; baseline -0.004 -15"><span class='ocrx_word' id='word_1_52' title='bbox 188 1071 296 1134; x_wconf 79' lang='lat' dir='ltr'>Christi</span> <span class='ocrx_word' id='word_1_53' title='bbox 325 1070 442 1144; x_wconf 84' lang='lat' dir='ltr'><strong>fideles,</strong></span> <span class='ocrx_word' id='word_1_54' title='bbox 474 1071 617 1149; x_wconf 81' lang='lat' dir='ltr'>religiosis</span> <span class='ocrx_word' id='word_1_55' title='bbox 646 1070 776 1149; x_wconf 85' lang='lat' dir='ltr'><strong>ejusdem</strong></span> <span class='ocrx_word' id='word_1_56' title='bbox 808 1069 975 1132; x_wconf 81' lang='lat' dir='ltr'><strong>Conventus</strong></span> <span class='ocrx_word' id='word_1_57' title='bbox 1003 1074 1042 1133; x_wconf 89' lang='lat' dir='ltr'><strong>ita</strong></span> <span class='ocrx_word' id='word_1_58' title='bbox 1064 1071 1297 1132; x_wconf 79' lang='lat' dir='ltr'><strong>numerantibus.</strong></span> 
     </span>
    </p>
   </div>
   <div class='ocr_carea' id='block_1_6' title="bbox 187 1179 1399 1264">
    <p class='ocr_par' dir='ltr' id='par_1_6' title="bbox 187 1179 1399 1264">
     <span class='ocr_line' id='line_1_8' title="bbox 187 1179 1399 1264; baseline 0.001 -23"><span class='ocrx_word' id='word_1_59' title='bbox 187 1181 228 1241; x_wconf 92' lang='lat' dir='ltr'><strong>lta</strong></span> <span class='ocrx_word' id='word_1_60' title='bbox 251 1199 315 1240; x_wconf 90' lang='lat' dir='ltr'><strong>esse</strong></span> <span class='ocrx_word' id='word_1_61' title='bbox 336 1179 441 1240; x_wconf 86' lang='lat' dir='ltr'><strong>latetur</strong></span> <span class='ocrx_word' id='word_1_62' title='bbox 463 1181 597 1258; x_wconf 88' lang='lat' dir='ltr'><strong>propriae</strong></span> <span class='ocrx_word' id='word_1_63' title='bbox 619 1197 722 1241; x_wconf 92' lang='lat' dir='ltr'><strong>manus</strong></span> <span class='ocrx_word' id='word_1_64' title='bbox 744 1181 947 1240; x_wconf 83' lang='lat' dir='ltr'><strong>Reverendiss.</strong></span> <span class='ocrx_word' id='word_1_65' title='bbox 969 1179 1085 1241; x_wconf 88' lang='lat' dir='ltr'><strong>Domini</strong></span> <span class='ocrx_word' id='word_1_66' title='bbox 1099 1179 1297 1259; x_wconf 70' lang='lat' dir='ltr'><strong>subscriptio:</strong></span> <span class='ocrx_word' id='word_1_67' title='bbox 1398 1261 1399 1264; x_wconf 8' lang='grc' dir='ltr'><strong>Ἴ</strong></span> 
     </span>
    </p>
   </div>
   <div class='ocr_carea' id='block_1_7' title="bbox 189 1287 1298 1370">
    <p class='ocr_par' dir='ltr' id='par_1_7' title="bbox 189 1287 1298 1370">
     <span class='ocr_line' id='line_1_9' title="bbox 189 1287 1298 1370; baseline -0.002 -18"><span class='ocrx_word' id='word_1_68' title='bbox 189 1287 305 1367; x_wconf 83' lang='lat' dir='ltr'><strong>Gaspcr</strong></span> <span class='ocrx_word' id='word_1_69' title='bbox 325 1287 495 1370; x_wconf 80' lang='lat' dir='ltr'><strong>Episcopus,</strong></span> <span class='ocrx_word' id='word_1_70' title='bbox 531 1292 582 1367; x_wconf 84' lang='lat' dir='ltr'><strong>poi</strong></span> <span class='ocrx_word' id='word_1_71' title='bbox 611 1307 711 1368; x_wconf 83' lang='lat' dir='ltr'><strong>supro.</strong></span> <span class='ocrx_word' id='word_1_72' title='bbox 769 1289 835 1366; x_wconf 89' lang='lat' dir='ltr'><strong>lpse</strong></span> <span class='ocrx_word' id='word_1_73' title='bbox 865 1307 935 1349; x_wconf 84' lang='lat' dir='ltr'><strong>vero</strong></span> <span class='ocrx_word' id='word_1_74' title='bbox 964 1289 1169 1350; x_wconf 84' lang='lat' dir='ltr'><strong>Reverendiss.</strong></span> <span class='ocrx_word' id='word_1_75' title='bbox 1204 1289 1298 1350; x_wconf 92' lang='lat' dir='ltr'><strong>Osna-</strong></span> 
     </span>
    </p>
   </div>
   <div class='ocr_carea' id='block_1_8' title="bbox 187 1395 1400 1584">
    <p class='ocr_par' dir='ltr' id='par_1_8' title="bbox 187 1395 1400 1584">
     <span class='ocr_line' id='line_1_10' title="bbox 187 1395 1400 1476; baseline -0.002 -18"><span class='ocrx_word' id='word_1_76' title='bbox 187 1398 338 1476; x_wconf 80' lang='lat' dir='ltr'><strong>brugensis</strong></span> <span class='ocrx_word' id='word_1_77' title='bbox 360 1398 523 1475; x_wconf 84' lang='lat' dir='ltr'><strong>Episcopus</strong></span> <span class='ocrx_word' id='word_1_78' title='bbox 545 1396 714 1456; x_wconf 88' lang='lat' dir='ltr'><strong>Franciscus</strong></span> <span class='ocrx_word' id='word_1_79' title='bbox 736 1395 917 1458; x_wconf 88' lang='lat' dir='ltr'><strong>Wilhelmus</strong></span> <span class='ocrx_word' id='word_1_80' title='bbox 940 1396 1078 1458; x_wconf 82' lang='lat' dir='ltr'><strong>Coloniae</strong></span> <span class='ocrx_word' id='word_1_81' title='bbox 1099 1397 1149 1456; x_wconf 84' lang='lat' dir='ltr'><strong>lv.</strong></span> <span class='ocrx_word' id='word_1_82' title='bbox 1169 1396 1295 1458; x_wconf 87' lang='lat' dir='ltr'><strong>Kalend.</strong></span> <span class='ocrx_word' id='word_1_83' title='bbox 1399 1411 1400 1424; x_wconf 63' lang='lat'>¹</span> 
     </span>
     <span class='ocr_line' id='line_1_11' title="bbox 188 1503 1400 1584; baseline 0 -18"><span class='ocrx_word' id='word_1_84' title='bbox 188 1506 280 1584; x_wconf 85' lang='lat' dir='ltr'><strong>April.</strong></span> <span class='ocrx_word' id='word_1_85' title='bbox 298 1505 400 1579; x_wconf 78' lang='lat' dir='ltr'><strong>1ot0.‚</strong></span> <span class='ocrx_word' id='word_1_86' title='bbox 419 1509 570 1584; x_wconf 88' lang='lat' dir='ltr'><strong>praesente</strong></span> <span class='ocrx_word' id='word_1_87' title='bbox 583 1503 809 1582; x_wconf 85' lang='lat' dir='ltr'><strong>Arobiepiscopo</strong></span> <span class='ocrx_word' id='word_1_88' title='bbox 825 1504 1016 1576; x_wconf 79' lang='lat' dir='ltr'><strong>Fordinando,</strong></span> <span class='ocrx_word' id='word_1_89' title='bbox 1032 1508 1062 1565; x_wconf 90' lang='lat' dir='ltr'><strong>et</strong></span> <span class='ocrx_word' id='word_1_90' title='bbox 1076 1505 1131 1564; x_wconf 91' lang='lat' dir='ltr'><strong>sibi</strong></span> <span class='ocrx_word' id='word_1_91' title='bbox 1143 1506 1297 1566; x_wconf 79' lang='lat' dir='ltr'><strong>assistente</strong></span> <span class='ocrx_word' id='word_1_92' title='bbox 1399 1533 1400 1554; x_wconf 39' lang='grc' dir='ltr'><strong>κ</strong></span> 
     </span>
    </p>
   </div>
   <div class='ocr_carea' id='block_1_9' title="bbox 186 1611 1296 2018">
    <p class='ocr_par' dir='ltr' id='par_1_9' title="bbox 186 1611 1296 2018">
     <span class='ocr_line' id='line_1_12' title="bbox 187 1611 1296 1692; baseline -0.002 -16"><span class='ocrx_word' id='word_1_93' title='bbox 187 1614 324 1692; x_wconf 90' lang='lat' dir='ltr'><strong>Casparo,</strong></span> <span class='ocrx_word' id='word_1_94' title='bbox 347 1615 494 1690; x_wconf 90' lang='lat' dir='ltr'><strong>Episcopo</strong></span> <span class='ocrx_word' id='word_1_95' title='bbox 505 1611 765 1690; x_wconf 83' lang='lat' dir='ltr'><strong>Aureliopolitano,</strong></span> <span class='ocrx_word' id='word_1_96' title='bbox 787 1615 965 1690; x_wconf 84' lang='lat' dir='ltr'><strong>consecravit</strong></span> <span class='ocrx_word' id='word_1_97' title='bbox 981 1612 1125 1674; x_wconf 83' lang='lat' dir='ltr'><strong>Sacellum</strong></span> <span class='ocrx_word' id='word_1_98' title='bbox 1137 1613 1171 1677; x_wconf 90' lang='grc' dir='ltr'><strong>Β.</strong></span> <span class='ocrx_word' id='word_1_99' title='bbox 1184 1615 1296 1674; x_wconf 88' lang='lat' dir='ltr'><strong>Mariae</strong></span> 
     </span>
     <span class='ocr_line' id='line_1_13' title="bbox 189 1721 1295 1800; baseline -0.001 -16"><span class='ocrx_word' id='word_1_100' title='bbox 189 1725 225 1784; x_wconf 95' lang='lat' dir='ltr'><strong>de</strong></span> <span class='ocrx_word' id='word_1_101' title='bbox 248 1721 442 1793; x_wconf 85' lang='lat' dir='ltr'><strong>Portinncula‚</strong></span> <span class='ocrx_word' id='word_1_102' title='bbox 464 1722 493 1781; x_wconf 91' lang='lat' dir='ltr'><strong>in</strong></span> <span class='ocrx_word' id='word_1_103' title='bbox 515 1721 625 1800; x_wconf 87' lang='lat' dir='ltr'><strong>templo</strong></span> <span class='ocrx_word' id='word_1_104' title='bbox 646 1721 700 1780; x_wconf 93' lang='lat' dir='ltr'><strong>PP.</strong></span> <span class='ocrx_word' id='word_1_105' title='bbox 723 1721 947 1783; x_wconf 85' lang='lat' dir='ltr'><strong>Observanlium</strong></span> <span class='ocrx_word' id='word_1_106' title='bbox 969 1722 1005 1782; x_wconf 90' lang='lat' dir='ltr'><strong>ab</strong></span> <span class='ocrx_word' id='word_1_107' title='bbox 1027 1721 1171 1782; x_wconf 82' lang='lat' dir='ltr'><strong>illustriss.</strong></span> <span class='ocrx_word' id='word_1_108' title='bbox 1187 1722 1295 1784; x_wconf 90' lang='lat' dir='ltr'><strong>Herbi·</strong></span> 
     </span>
     <span class='ocr_line' id='line_1_14' title="bbox 186 1827 1295 1910; baseline -0.001 -18"><span class='ocrx_word' id='word_1_109' title='bbox 186 1831 349 1908; x_wconf 86' lang='lat' dir='ltr'><strong>polemium</strong></span> <span class='ocrx_word' id='word_1_110' title='bbox 371 1831 518 1910; x_wconf 87' lang='lat' dir='ltr'><strong>Episcopo</strong></span> <span class='ocrx_word' id='word_1_111' title='bbox 539 1831 709 1902; x_wconf 85' lang='lat' dir='ltr'><strong>excitatum,</strong></span> <span class='ocrx_word' id='word_1_112' title='bbox 739 1833 768 1890; x_wconf 89' lang='lat' dir='ltr'><strong>et</strong></span> <span class='ocrx_word' id='word_1_113' title='bbox 789 1847 865 1890; x_wconf 92' lang='lat' dir='ltr'><strong>anno</strong></span> <span class='ocrx_word' id='word_1_114' title='bbox 888 1827 979 1890; x_wconf 75' lang='lat' dir='ltr'><strong>lota.</strong></span> <span class='ocrx_word' id='word_1_115' title='bbox 1002 1828 1053 1893; x_wconf 78' lang='lat'><strong>25.</strong></span> <span class='ocrx_word' id='word_1_116' title='bbox 1074 1829 1193 1892; x_wconf 87' lang='lat' dir='ltr'><strong>Octobr.</strong></span> <span class='ocrx_word' id='word_1_117' title='bbox 1216 1831 1295 1892; x_wconf 88' lang='lat' dir='ltr'><strong>Bon-</strong></span> 
     </span>
     <span class='ocr_line' id='line_1_15' title="bbox 187 1938 1019 2018; baseline -0.001 -17"><span class='ocrx_word' id='word_1_118' title='bbox 187 1957 240 2001; x_wconf 89' lang='lat' dir='ltr'><strong>nae</strong></span> <span class='ocrx_word' id='word_1_119' title='bbox 260 1940 440 2001; x_wconf 85' lang='lat' dir='ltr'><strong>consecravit</strong></span> <span class='ocrx_word' id='word_1_120' title='bbox 459 1938 568 2000; x_wconf 80' lang='lat' dir='ltr'><strong>Altare.</strong></span> <span class='ocrx_word' id='word_1_121' title='bbox 611 1938 733 2000; x_wconf 82' lang='lat' dir='ltr'><strong>Caetera</strong></span> <span class='ocrx_word' id='word_1_122' title='bbox 755 1940 1019 2018; x_wconf 86' lang='lat' dir='ltr'><strong>praetermittimus.</strong></span> 
     </span>
    </p>
   </div>
   <div class='ocr_carea' id='block_1_10' title="bbox 238 2128 1233 2201">
    <p class='ocr_par' dir='ltr' id='par_1_10' title="bbox 238 2128 1233 2201">
     <span class='ocr_line' id='line_1_16' title="bbox 238 2128 1233 2201; baseline -0.004 -9"><span class='ocrx_word' id='word_1_123' title='bbox 238 2131 367 2194; x_wconf 85' lang='lat' dir='ltr'><strong>XXVll.</strong></span> <span class='ocrx_word' id='word_1_124' title='bbox 410 2128 609 2194; x_wconf 81' lang='lat' dir='ltr'><strong>GEORGIUS</strong></span> <span class='ocrx_word' id='word_1_125' title='bbox 631 2129 762 2201; x_wconf 83' lang='lat' dir='ltr'><strong>PAULI,</strong></span> <span class='ocrx_word' id='word_1_126' title='bbox 791 2129 1004 2194; x_wconf 89' lang='lat' dir='ltr'><strong>EPlSCOPUS·</strong></span> <span class='ocrx_word' id='word_1_127' title='bbox 1019 2129 1233 2194; x_wconf 82' lang='lat' dir='ltr'><strong>JOPPENSlS.</strong></span> 
     </span>
    </p>
   </div>
   <div class='ocr_carea' id='block_1_11' title="bbox 187 2263 1402 2453">
    <p class='ocr_par' dir='ltr' id='par_1_11' title="bbox 187 2263 1402 2453">
     <span class='ocr_line' id='line_1_17' title="bbox 250 2263 1402 2343; baseline 0 -17"><span class='ocrx_word' id='word_1_128' title='bbox 250 2263 392 2343; x_wconf 85' lang='lat' dir='ltr'><strong>Georgius</strong></span> <span class='ocrx_word' id='word_1_129' title='bbox 413 2264 495 2325; x_wconf 88' lang='lat' dir='ltr'><strong>Pauli</strong></span> <span class='ocrx_word' id='word_1_130' title='bbox 517 2265 658 2338; x_wconf 83' lang='lat' dir='ltr'><strong>Stravius,</strong></span> <span class='ocrx_word' id='word_1_131' title='bbox 681 2265 920 2343; x_wconf 86' lang='lat' dir='ltr'><strong>metropolitanae</strong></span> <span class='ocrx_word' id='word_1_132' title='bbox 940 2269 970 2325; x_wconf 86' lang='lat' dir='ltr'><strong>et</strong></span> <span class='ocrx_word' id='word_1_133' title='bbox 983 2265 1033 2327; x_wconf 91' lang='lat' dir='ltr'><strong>SS.</strong></span> <span class='ocrx_word' id='word_1_134' title='bbox 1055 2265 1193 2326; x_wconf 88' lang='lat' dir='ltr'><strong>undecies</strong></span> <span class='ocrx_word' id='word_1_135' title='bbox 1215 2264 1294 2326; x_wconf 91' lang='lat' dir='ltr'><strong>mille</strong></span> <span class='ocrx_word' id='word_1_136' title='bbox 1401 2263 1402 2274; x_wconf 73' lang='grc'>’</span> 
     </span>
     <span class='ocr_line' id='line_1_18' title="bbox 187 2367 1402 2453; baseline -0.002 -17"><span class='ocrx_word' id='word_1_137' title='bbox 187 2375 341 2453; x_wconf 86' lang='lat' dir='ltr'><strong>Virginum</strong></span> <span class='ocrx_word' id='word_1_138' title='bbox 362 2375 559 2436; x_wconf 84' lang='lat' dir='ltr'><strong>Ecclesiarum</strong></span> <span class='ocrx_word' id='word_1_139' title='bbox 582 2374 685 2440; x_wconf 87' lang='lat' dir='ltr'><strong>Colon.</strong></span> <span class='ocrx_word' id='word_1_140' title='bbox 707 2374 870 2436; x_wconf 90' lang='lat' dir='ltr'><strong>Canonicus</strong></span> <span class='ocrx_word' id='word_1_141' title='bbox 893 2374 1061 2453; x_wconf 87' lang='lat' dir='ltr'><strong>presbyter,</strong></span> <span class='ocrx_word' id='word_1_142' title='bbox 1090 2373 1126 2433; x_wconf 91' lang='lat' dir='ltr'><strong>ab</strong></span> <span class='ocrx_word' id='word_1_143' title='bbox 1148 2373 1295 2434; x_wconf 88' lang='lat' dir='ltr'><strong>illustriss.</strong></span> <span class='ocrx_word' id='word_1_144' title='bbox 1401 2367 1402 2370; x_wconf 47' lang='lat'>&#39;</span> 
     </span>
    </p>
   </div>
   <div class='ocr_carea' id='block_1_12' title="bbox 132 2481 1403 4394">
    <p class='ocr_par' dir='ltr' id='par_1_12' title="bbox 132 2481 1403 4394">
     <span class='ocr_line' id='line_1_19' title="bbox 187 2481 1294 2560; baseline -0.002 -17"><span class='ocrx_word' id='word_1_145' title='bbox 187 2488 217 2544; x_wconf 90' lang='lat' dir='ltr'><strong>et</strong></span> <span class='ocrx_word' id='word_1_146' title='bbox 243 2483 447 2544; x_wconf 89' lang='lat' dir='ltr'><strong>Reverendiss.</strong></span> <span class='ocrx_word' id='word_1_147' title='bbox 476 2501 564 2560; x_wconf 89' lang='lat' dir='ltr'><strong>supra</strong></span> <span class='ocrx_word' id='word_1_148' title='bbox 594 2483 709 2543; x_wconf 88' lang='lat' dir='ltr'><strong>laudato</strong></span> <span class='ocrx_word' id='word_1_149' title='bbox 742 2481 959 2560; x_wconf 77' lang='lat' dir='ltr'><strong>osnabrugensi</strong></span> <span class='ocrx_word' id='word_1_150' title='bbox 984 2481 1114 2560; x_wconf 86' lang='lat' dir='ltr'><strong>Principe</strong></span> <span class='ocrx_word' id='word_1_151' title='bbox 1146 2481 1294 2560; x_wconf 88' lang='lat' dir='ltr'><strong>Episcopo</strong></span> 
     </span>
     <span class='ocr_line' id='line_1_20' title="bbox 187 2567 1403 2670; baseline -0.002 -16"><span class='ocrx_word' id='word_1_152' title='bbox 187 2592 339 2656; x_wconf 85' lang='lat' dir='ltr'><strong>Francisco</strong></span> <span class='ocrx_word' id='word_1_153' title='bbox 360 2590 525 2655; x_wconf 86' lang='lat' dir='ltr'><strong>Wilbelmo</strong></span> <span class='ocrx_word' id='word_1_154' title='bbox 555 2610 630 2652; x_wconf 90' lang='lat' dir='ltr'><strong>anno</strong></span> <span class='ocrx_word' id='word_1_155' title='bbox 654 2589 743 2650; x_wconf 75' lang='lat' dir='ltr'><strong>loll.</strong></span> <span class='ocrx_word' id='word_1_156' title='bbox 766 2591 812 2652; x_wconf 92' lang='lat' dir='ltr'><strong>die</strong></span> <span class='ocrx_word' id='word_1_157' title='bbox 833 2592 945 2652; x_wconf 87' lang='lat' dir='ltr'><strong>decima</strong></span> <span class='ocrx_word' id='word_1_158' title='bbox 966 2594 1088 2670; x_wconf 90' lang='lat' dir='ltr'><strong>septima</strong></span> <span class='ocrx_word' id='word_1_159' title='bbox 1107 2589 1248 2652; x_wconf 87' lang='lat' dir='ltr'><strong>Pebruar.</strong></span> <span class='ocrx_word' id='word_1_160' title='bbox 1264 2593 1292 2652; x_wconf 93' lang='lat' dir='ltr'><strong>in</strong></span> <span class='ocrx_word' id='word_1_161' title='bbox 1402 2567 1403 2596; x_wconf 21' lang='grc' dir='ltr'><strong>ἶ</strong></span> 
     </span>
     <span class='ocr_line' id='line_1_21' title="bbox 187 2698 1294 2781; baseline -0.003 -17"><span class='ocrx_word' id='word_1_162' title='bbox 187 2703 352 2780; x_wconf 88' lang='lat' dir='ltr'><strong>praesulem</strong></span> <span class='ocrx_word' id='word_1_163' title='bbox 374 2704 528 2781; x_wconf 87' lang='lat' dir='ltr'><strong>Joppensis</strong></span> <span class='ocrx_word' id='word_1_164' title='bbox 550 2701 698 2761; x_wconf 87' lang='lat' dir='ltr'><strong>Ecclesiae</strong></span> <span class='ocrx_word' id='word_1_165' title='bbox 726 2705 909 2761; x_wconf 87' lang='lat' dir='ltr'><strong>consecratus</strong></span> <span class='ocrx_word' id='word_1_166' title='bbox 931 2704 975 2761; x_wconf 87' lang='lat' dir='ltr'><strong>est</strong></span> <span class='ocrx_word' id='word_1_167' title='bbox 995 2698 1127 2771; x_wconf 89' lang='lat' dir='ltr'><strong>Bonnae,</strong></span> <span class='ocrx_word' id='word_1_168' title='bbox 1155 2699 1207 2760; x_wconf 89' lang='lat' dir='ltr'><strong>ubi</strong></span> <span class='ocrx_word' id='word_1_169' title='bbox 1240 2719 1294 2778; x_wconf 94' lang='lat' dir='ltr'><strong>pro</strong></span> 
     </span>
     <span class='ocr_line' id='line_1_22' title="bbox 157 2800 1294 2886; baseline 0 -16"><span class='ocrx_word' id='word_1_170' title='bbox 157 2815 159 2820; x_wconf 87' lang='lat'>&#39;</span> <span class='ocrx_word' id='word_1_171' title='bbox 187 2815 284 2871; x_wconf 87' lang='lat' dir='ltr'><strong>vetere</strong></span> <span class='ocrx_word' id='word_1_172' title='bbox 306 2807 446 2871; x_wconf 90' lang='lat' dir='ltr'><strong>Ubiorum</strong></span> <span class='ocrx_word' id='word_1_173' title='bbox 467 2828 516 2870; x_wconf 87' lang='lat' dir='ltr'><strong>ara</strong></span> <span class='ocrx_word' id='word_1_174' title='bbox 538 2807 656 2886; x_wconf 85' lang='lat' dir='ltr'><strong>prolana</strong></span> <span class='ocrx_word' id='word_1_175' title='bbox 700 2800 829 2869; x_wconf 83' lang='lat' dir='ltr'><strong>Ecclesia</strong></span> <span class='ocrx_word' id='word_1_176' title='bbox 858 2809 1103 2870; x_wconf 83' lang='lat' dir='ltr'><strong>Archidiaconalis</strong></span> <span class='ocrx_word' id='word_1_177' title='bbox 1134 2805 1294 2886; x_wconf 84' lang='lat' dir='ltr'><strong>Collegiata</strong></span> 
     </span>
     <span class='ocr_line' id='line_1_23' title="bbox 186 2915 1360 2999; baseline -0.002 -19"><span class='ocrx_word' id='word_1_178' title='bbox 186 2920 236 2982; x_wconf 95' lang='lat' dir='ltr'><strong>SS.</strong></span> <span class='ocrx_word' id='word_1_179' title='bbox 257 2917 461 2979; x_wconf 82' lang='lat' dir='ltr'><strong>Thebaeorum</strong></span> <span class='ocrx_word' id='word_1_180' title='bbox 483 2919 647 2996; x_wconf 80' lang='lat' dir='ltr'><strong>Martyrum</strong></span> <span class='ocrx_word' id='word_1_181' title='bbox 656 2915 758 2989; x_wconf 89' lang='lat' dir='ltr'><strong>Cassii,</strong></span> <span class='ocrx_word' id='word_1_182' title='bbox 779 2915 928 2988; x_wconf 86' lang='lat' dir='ltr'><strong>Florentii,</strong></span> <span class='ocrx_word' id='word_1_183' title='bbox 940 2916 1068 2978; x_wconf 89' lang='lat' dir='ltr'><strong>Mallusii</strong></span> <span class='ocrx_word' id='word_1_184' title='bbox 1090 2921 1119 2989; x_wconf 85' lang='lat' dir='ltr'><strong>et</strong></span> <span class='ocrx_word' id='word_1_185' title='bbox 1139 2917 1293 2979; x_wconf 88' lang='lat' dir='ltr'><strong>Sociorum</strong></span> <span class='ocrx_word' id='word_1_186' title='bbox 1356 2992 1360 2999; x_wconf 27' lang='grc' dir='ltr'>Ι</span> 
     </span>
     <span class='ocr_line' id='line_1_24' title="bbox 188 3025 1294 3112; baseline -0.002 -26"><span class='ocrx_word' id='word_1_187' title='bbox 188 3026 293 3088; x_wconf 89' lang='lat' dir='ltr'><strong>honori</strong></span> <span class='ocrx_word' id='word_1_188' title='bbox 319 3026 411 3086; x_wconf 88' lang='lat' dir='ltr'><strong>dicata</strong></span> <span class='ocrx_word' id='word_1_189' title='bbox 441 3031 492 3086; x_wconf 89' lang='lat' dir='ltr'><strong>cst.</strong></span> <span class='ocrx_word' id='word_1_190' title='bbox 547 3026 614 3112; x_wconf 85' lang='lat' dir='ltr'><strong>Fuit</strong></span> <span class='ocrx_word' id='word_1_191' title='bbox 642 3025 689 3085; x_wconf 90' lang='lat' dir='ltr'><strong>bic</strong></span> <span class='ocrx_word' id='word_1_192' title='bbox 720 3043 753 3086; x_wconf 87' lang='lat' dir='ltr'><strong>ea</strong></span> <span class='ocrx_word' id='word_1_193' title='bbox 785 3025 952 3086; x_wconf 87' lang='lat' dir='ltr'><strong>solemnitas</strong></span> <span class='ocrx_word' id='word_1_194' title='bbox 984 3025 1171 3086; x_wconf 89' lang='lat' dir='ltr'><strong>celeberrima</strong></span> <span class='ocrx_word' id='word_1_195' title='bbox 1192 3043 1294 3086; x_wconf 87' lang='lat' dir='ltr'><strong>coram</strong></span> 
     </span>
     <span class='ocr_line' id='line_1_25' title="bbox 186 3134 1294 3213; baseline -0.004 -15"><span class='ocrx_word' id='word_1_196' title='bbox 186 3135 447 3198; x_wconf 85' lang='lat' dir='ltr'><strong>Reverendissimis</strong></span> <span class='ocrx_word' id='word_1_197' title='bbox 469 3135 705 3196; x_wconf 87' lang='lat' dir='ltr'><strong>etSerenissimis</strong></span> <span class='ocrx_word' id='word_1_198' title='bbox 724 3135 905 3213; x_wconf 90' lang='lat' dir='ltr'><strong>Principibus</strong></span> <span class='ocrx_word' id='word_1_199' title='bbox 925 3134 1044 3196; x_wconf 85' lang='lat' dir='ltr'><strong>Bavaris</strong></span> <span class='ocrx_word' id='word_1_200' title='bbox 1059 3140 1113 3195; x_wconf 89' lang='lat' dir='ltr'><strong>eto.</strong></span> <span class='ocrx_word' id='word_1_201' title='bbox 1135 3134 1294 3196; x_wconf 88' lang='lat' dir='ltr'><strong>Ferdinan-</strong></span> 
     </span>
     <span class='ocr_line' id='line_1_26' title="bbox 187 3241 1294 3325; baseline -0.003 -19"><span class='ocrx_word' id='word_1_202' title='bbox 187 3247 234 3320; x_wconf 91' lang='lat' dir='ltr'><strong>do,</strong></span> <span class='ocrx_word' id='word_1_203' title='bbox 257 3243 483 3322; x_wconf 84' lang='lat' dir='ltr'><strong>Arcbiepiscopo</strong></span> <span class='ocrx_word' id='word_1_204' title='bbox 499 3245 642 3318; x_wconf 88' lang='lat' dir='ltr'><strong>Electore,</strong></span> <span class='ocrx_word' id='word_1_205' title='bbox 664 3249 752 3322; x_wconf 82' lang='lat' dir='ltr'><strong>atque</strong></span> <span class='ocrx_word' id='word_1_206' title='bbox 774 3243 974 3304; x_wconf 79' lang='lat' dir='ltr'><strong>Maximiliano</strong></span> <span class='ocrx_word' id='word_1_207' title='bbox 994 3243 1121 3305; x_wconf 88' lang='lat' dir='ltr'><strong>llenrioo</strong></span> <span class='ocrx_word' id='word_1_208' title='bbox 1143 3241 1242 3325; x_wconf 87' lang='lat' dir='ltr'><strong>(hujus</strong></span> <span class='ocrx_word' id='word_1_209' title='bbox 1258 3261 1294 3303; x_wconf 85' lang='lat' dir='ltr'><strong>ex</strong></span> 
     </span>
     <span class='ocr_line' id='line_1_27' title="bbox 186 3349 1295 3436; baseline -0.004 -22"><span class='ocrx_word' id='word_1_210' title='bbox 186 3353 266 3414; x_wconf 90' lang='lat' dir='ltr'><strong>Duce</strong></span> <span class='ocrx_word' id='word_1_211' title='bbox 296 3352 417 3414; x_wconf 81' lang='lat' dir='ltr'><strong>Alberto</strong></span> <span class='ocrx_word' id='word_1_212' title='bbox 450 3349 585 3436; x_wconf 90' lang='lat' dir='ltr'><strong>nepote),</strong></span> <span class='ocrx_word' id='word_1_213' title='bbox 619 3352 793 3430; x_wconf 87' lang='lat' dir='ltr'><strong>Coadjutore</strong></span> <span class='ocrx_word' id='word_1_214' title='bbox 824 3351 956 3428; x_wconf 87' lang='lat' dir='ltr'><strong>Principe</strong></span> <span class='ocrx_word' id='word_1_215' title='bbox 987 3351 1233 3412; x_wconf 85' lang='lat' dir='ltr'><strong>Hildesheimensi</strong></span> <span class='ocrx_word' id='word_1_216' title='bbox 1267 3354 1295 3410; x_wconf 89' lang='lat' dir='ltr'><strong>et</strong></span> 
     </span>
     <span class='ocr_line' id='line_1_28' title="bbox 186 3459 1295 3540; baseline -0.003 -17"><span class='ocrx_word' id='word_1_217' title='bbox 186 3460 444 3540; x_wconf 82' lang='lat' dir='ltr'><strong>Iterohtesgadensi</strong></span> <span class='ocrx_word' id='word_1_218' title='bbox 467 3465 538 3534; x_wconf 83' lang='lat' dir='ltr'><strong>eto,</strong></span> <span class='ocrx_word' id='word_1_219' title='bbox 564 3460 766 3521; x_wconf 88' lang='lat' dir='ltr'><strong>adsistentibus</strong></span> <span class='ocrx_word' id='word_1_220' title='bbox 788 3460 990 3522; x_wconf 84' lang='lat' dir='ltr'><strong>Reverendiss.</strong></span> <span class='ocrx_word' id='word_1_221' title='bbox 1014 3465 1043 3520; x_wconf 90' lang='lat' dir='ltr'><strong>et</strong></span> <span class='ocrx_word' id='word_1_222' title='bbox 1064 3459 1194 3537; x_wconf 91' lang='lat' dir='ltr'><strong>ampliss.</strong></span> <span class='ocrx_word' id='word_1_223' title='bbox 1217 3459 1295 3520; x_wconf 86' lang='lat' dir='ltr'><strong>Viris</strong></span> 
     </span>
     <span class='ocr_line' id='line_1_29' title="bbox 186 3566 1294 3658; baseline -0.002 -28"><span class='ocrx_word' id='word_1_224' title='bbox 186 3575 216 3631; x_wconf 94' lang='lat' dir='ltr'><strong>et</strong></span> <span class='ocrx_word' id='word_1_225' title='bbox 236 3570 378 3658; x_wconf 74' lang='lat' dir='ltr'><strong>Dominis,</strong></span> <span class='ocrx_word' id='word_1_226' title='bbox 401 3569 528 3632; x_wconf 86' lang='lat' dir='ltr'><strong>chrioo</strong></span> <span class='ocrx_word' id='word_1_227' title='bbox 551 3568 693 3641; x_wconf 78' lang='lat' dir='ltr'><strong>waltero,</strong></span> <span class='ocrx_word' id='word_1_228' title='bbox 715 3567 862 3646; x_wconf 87' lang='lat' dir='ltr'><strong>Episcopo</strong></span> <span class='ocrx_word' id='word_1_229' title='bbox 883 3567 1090 3642; x_wconf 80' lang='lat' dir='ltr'><strong>Ascalonensi‚</strong></span> <span class='ocrx_word' id='word_1_230' title='bbox 1112 3571 1142 3628; x_wconf 89' lang='lat' dir='ltr'><strong>et</strong></span> <span class='ocrx_word' id='word_1_231' title='bbox 1163 3566 1294 3628; x_wconf 87' lang='lat' dir='ltr'><strong>llenrico</strong></span> 
     </span>
     <span class='ocr_line' id='line_1_30' title="bbox 132 3674 1295 3754; baseline -0.001 -16"><span class='ocrx_word' id='word_1_232' title='bbox 132 3677 136 3686; x_wconf 85' lang='lat'><strong><em>&#39;</em></strong></span> <span class='ocrx_word' id='word_1_233' title='bbox 187 3677 302 3750; x_wconf 90' lang='lat' dir='ltr'><strong>Liblar,</strong></span> <span class='ocrx_word' id='word_1_234' title='bbox 336 3677 365 3738; x_wconf 90' lang='lat' dir='ltr'><strong>S.</strong></span> <span class='ocrx_word' id='word_1_235' title='bbox 387 3677 504 3738; x_wconf 89' lang='lat' dir='ltr'><strong>Martini</strong></span> <span class='ocrx_word' id='word_1_236' title='bbox 530 3676 649 3754; x_wconf 88' lang='lat' dir='ltr'><strong>majoris</strong></span> <span class='ocrx_word' id='word_1_237' title='bbox 680 3674 818 3737; x_wconf 87' lang='lat' dir='ltr'><strong>Coloniae</strong></span> <span class='ocrx_word' id='word_1_238' title='bbox 848 3675 968 3736; x_wconf 84' lang='lat' dir='ltr'><strong>Abbate.</strong></span> <span class='ocrx_word' id='word_1_239' title='bbox 1013 3677 1080 3754; x_wconf 89' lang='lat' dir='ltr'><strong>lpse</strong></span> <span class='ocrx_word' id='word_1_240' title='bbox 1101 3680 1199 3736; x_wconf 88' lang='lat' dir='ltr'><strong>autem</strong></span> <span class='ocrx_word' id='word_1_241' title='bbox 1220 3676 1295 3754; x_wconf 87' lang='lat' dir='ltr'><strong>Jop-</strong></span> 
     </span>
     <span class='ocr_line' id='line_1_31' title="bbox 187 3783 1295 3864; baseline -0.001 -17"><span class='ocrx_word' id='word_1_242' title='bbox 187 3788 285 3864; x_wconf 86' lang='lat' dir='ltr'><strong>pensis</strong></span> <span class='ocrx_word' id='word_1_243' title='bbox 318 3805 376 3845; x_wconf 92' lang='lat' dir='ltr'><strong>non</strong></span> <span class='ocrx_word' id='word_1_244' title='bbox 409 3785 503 3846; x_wconf 92' lang='lat' dir='ltr'><strong>solum</strong></span> <span class='ocrx_word' id='word_1_245' title='bbox 538 3785 711 3845; x_wconf 88' lang='lat' dir='ltr'><strong>Ferdinandi</strong></span> <span class='ocrx_word' id='word_1_246' title='bbox 740 3784 862 3863; x_wconf 84' lang='lat' dir='ltr'><strong>ejusque</strong></span> <span class='ocrx_word' id='word_1_247' title='bbox 893 3783 1075 3846; x_wconf 89' lang='lat' dir='ltr'><strong>Successoris</strong></span> <span class='ocrx_word' id='word_1_248' title='bbox 1102 3783 1295 3846; x_wconf 85' lang='lat' dir='ltr'><strong>Maximiliani</strong></span> 
     </span>
     <span class='ocr_line' id='line_1_32' title="bbox 186 3881 1296 3972; baseline -0.001 -16"><span class='ocrx_word' id='word_1_249' title='bbox 186 3895 304 3956; x_wconf 88' lang='lat' dir='ltr'><strong>Henrici</strong></span> <span class='ocrx_word' id='word_1_250' title='bbox 326 3892 618 3971; x_wconf 80' lang='lat' dir='ltr'><strong>Archiepisooporum</strong></span> <span class='ocrx_word' id='word_1_251' title='bbox 641 3881 674 3953; x_wconf 37' lang='lat' dir='ltr'><strong>in*</strong></span> <span class='ocrx_word' id='word_1_252' title='bbox 691 3892 907 3954; x_wconf 88' lang='lat' dir='ltr'><strong>Pontificalibus</strong></span> <span class='ocrx_word' id='word_1_253' title='bbox 928 3898 990 3954; x_wconf 87' lang='lat' dir='ltr'><strong>crat</strong></span> <span class='ocrx_word' id='word_1_254' title='bbox 1010 3893 1222 3972; x_wconf 79' lang='lat' dir='ltr'><strong>Suffraganeus‚</strong></span> <span class='ocrx_word' id='word_1_255' title='bbox 1242 3895 1296 3955; x_wconf 92' lang='lat' dir='ltr'><strong>sed</strong></span> 
     </span>
     <span class='ocr_line' id='line_1_33' title="bbox 188 3999 1295 4086; baseline -0.001 -22"><span class='ocrx_word' id='word_1_256' title='bbox 188 4004 277 4064; x_wconf 89' lang='lat' dir='ltr'><strong>etiam</strong></span> <span class='ocrx_word' id='word_1_257' title='bbox 299 4005 329 4062; x_wconf 93' lang='lat' dir='ltr'><strong>in</strong></span> <span class='ocrx_word' id='word_1_258' title='bbox 350 3999 554 4078; x_wconf 91' lang='lat' dir='ltr'><strong>Spiritualibus</strong></span> <span class='ocrx_word' id='word_1_259' title='bbox 576 4000 708 4086; x_wconf 83' lang='lat' dir='ltr'><strong>Vicarius</strong></span> <span class='ocrx_word' id='word_1_260' title='bbox 731 3999 891 4075; x_wconf 87' lang='lat' dir='ltr'><strong>Generalis,</strong></span> <span class='ocrx_word' id='word_1_261' title='bbox 914 4005 943 4062; x_wconf 86' lang='lat' dir='ltr'><strong>et</strong></span> <span class='ocrx_word' id='word_1_262' title='bbox 963 4001 992 4061; x_wconf 93' lang='lat' dir='ltr'><strong>in</strong></span> <span class='ocrx_word' id='word_1_263' title='bbox 1014 4020 1049 4062; x_wconf 88' lang='lat' dir='ltr'><strong>ea</strong></span> <span class='ocrx_word' id='word_1_264' title='bbox 1070 4003 1176 4081; x_wconf 90' lang='lat' dir='ltr'><strong>duplici</strong></span> <span class='ocrx_word' id='word_1_265' title='bbox 1199 4003 1295 4082; x_wconf 84' lang='lat' dir='ltr'><strong>digni-</strong></span> 
     </span>
     <span class='ocr_line' id='line_1_34' title="bbox 188 4109 1295 4190; baseline 0.003 -18"><span class='ocrx_word' id='word_1_266' title='bbox 188 4116 246 4173; x_wconf 88' lang='lat' dir='ltr'><strong>tate</strong></span> <span class='ocrx_word' id='word_1_267' title='bbox 269 4109 408 4188; x_wconf 91' lang='lat' dir='ltr'><strong>plurimas</strong></span> <span class='ocrx_word' id='word_1_268' title='bbox 430 4127 482 4187; x_wconf 87' lang='lat' dir='ltr'><strong>per</strong></span> <span class='ocrx_word' id='word_1_269' title='bbox 504 4109 605 4186; x_wconf 84' lang='lat' dir='ltr'><strong>viginti</strong></span> <span class='ocrx_word' id='word_1_270' title='bbox 627 4128 717 4170; x_wconf 91' lang='lat' dir='ltr'><strong>annos</strong></span> <span class='ocrx_word' id='word_1_271' title='bbox 736 4109 1000 4190; x_wconf 76' lang='lat' dir='ltr'><strong>saluberrimusque</strong></span> <span class='ocrx_word' id='word_1_272' title='bbox 1017 4110 1101 4189; x_wconf 89' lang='lat' dir='ltr'><strong>jussu</strong></span> <span class='ocrx_word' id='word_1_273' title='bbox 1123 4115 1153 4172; x_wconf 88' lang='lat' dir='ltr'><strong>et</strong></span> <span class='ocrx_word' id='word_1_274' title='bbox 1173 4116 1295 4175; x_wconf 92' lang='lat' dir='ltr'><strong>nomine</strong></span> 
     </span>
     <span class='ocr_line' id='line_1_35' title="bbox 188 4217 1295 4300; baseline 0.001 -18"><span class='ocrx_word' id='word_1_275' title='bbox 188 4219 405 4296; x_wconf 79' lang='lat' dir='ltr'><strong>Archiepiscopi</strong></span> <span class='ocrx_word' id='word_1_276' title='bbox 427 4217 515 4278; x_wconf 91' lang='lat' dir='ltr'><strong>edidit</strong></span> <span class='ocrx_word' id='word_1_277' title='bbox 545 4219 778 4293; x_wconf 85' lang='lat' dir='ltr'><strong>constitutiones,</strong></span> <span class='ocrx_word' id='word_1_278' title='bbox 807 4237 879 4297; x_wconf 90' lang='lat' dir='ltr'><strong>quas</strong></span> <span class='ocrx_word' id='word_1_279' title='bbox 909 4219 985 4280; x_wconf 90' lang='lat' dir='ltr'><strong>inter</strong></span> <span class='ocrx_word' id='word_1_280' title='bbox 1006 4222 1165 4300; x_wconf 87' lang='lat' dir='ltr'><strong>principem</strong></span> <span class='ocrx_word' id='word_1_281' title='bbox 1189 4225 1295 4283; x_wconf 90' lang='lat' dir='ltr'><strong>merito</strong></span> 
     </span>
     <span class='ocr_line' id='line_1_36' title="bbox 132 4311 1295 4394; baseline 0.003 -4"><span class='ocrx_word' id='word_1_282' title='bbox 132 4311 135 4320; x_wconf 34' lang='lat'>¹</span> <span class='ocrx_word' id='word_1_283' title='bbox 187 4328 244 4390; x_wconf 92' lang='lat' dir='ltr'><strong>sibi</strong></span> <span class='ocrx_word' id='word_1_284' title='bbox 265 4327 362 4389; x_wconf 90' lang='lat' dir='ltr'><strong>locum</strong></span> <span class='ocrx_word' id='word_1_285' title='bbox 383 4326 529 4391; x_wconf 83' lang='lat' dir='ltr'><strong>vindicant</strong></span> <span class='ocrx_word' id='word_1_286' title='bbox 549 4325 774 4390; x_wconf 87' lang='lat' dir='ltr'><strong>Constitutiones</strong></span> <span class='ocrx_word' id='word_1_287' title='bbox 801 4329 838 4390; x_wconf 90' lang='lat' dir='ltr'><strong>de</strong></span> <span class='ocrx_word' id='word_1_288' title='bbox 859 4326 1067 4394; x_wconf 87' lang='lat' dir='ltr'><strong>Commissario</strong></span> <span class='ocrx_word' id='word_1_289' title='bbox 1087 4334 1117 4391; x_wconf 91' lang='lat' dir='ltr'><strong>et</strong></span> <span class='ocrx_word' id='word_1_290' title='bbox 1139 4328 1295 4394; x_wconf 80' lang='lat' dir='ltr'><strong>visitatore</strong></span> 
     </span>
    </p>
   </div>
   <div class='ocr_carea' id='block_1_13' title="bbox 0 0 1420 4828">
    <p class='ocr_par' dir='ltr' id='par_1_13' title="bbox 0 0 1420 4828">
     <span class='ocr_line' id='line_1_37' title="bbox 0 0 1420 4828; baseline 0 0"><span class='ocrx_word' id='word_1_291' title='bbox 0 0 1420 4828; x_wconf 95' lang='lat' dir='ltr'><strong> </strong></span> 
     </span>
    </p>
   </div>
  </div>
 </body>
</html>
