2832 4828
199 593 343 656 oudonem
364 595 511 672 repetent.
538 595 598 654 tem
616 591 692 654 intre
711 590 822 654 detnrn
839 605 989 668 menum,
1015 609 1105 672 quem
1120 608 1176 670 per
1197 607 1308 653 sunum

197 701 372 781 sliquoties,
393 719 430 762 ne
446 698 637 780 simpliciores
660 719 678 760 e
698 699 808 779 populo
827 699 1018 779 prsetenders
1041 701 1156 779 possint
1170 701 1308 779 ignomn-

200 810 280 874 tisnr.
300 809 394 872 iidem
401 810 498 882 etism,
514 811 580 887 post
596 807 729 886 elapsum
746 811 839 870 totum
858 825 989 870 mensem
1005 825 1024 870 s
1039 807 1086 870 die
1103 806 1307 887 publicationis

200 918 286 997 lruijm
309 917 453 991 mandeti,
473 916 594 978 'litteras
614 914 823 980 testimoniales
839 915 877 978 de
899 913 971 978 tecte
995 913 1050 978 heo
1072 915 1308 994 promulgatione

199 1023 344 1088 oondoere
369 1023 518 1103 Nobisque
542 1025 711 1102 consigusre
731 1027 898 1099 tenmntnr,
925 1041 993 1086 oum
1022 1023 1237 1103 subscriptione
1257 1041 1307 1102 pe-

200 1131 282 1196 roolri
296 1131 344 1194 uel
358 1134 512 1196 viceoursti
533 1135 562 1194 et
581 1131 720 1194 sedilium
739 1131 949 1212 cujusoumque
966 1131 1127 1209 ps-roolrine.
1169 1131 1306 1194 Eandem

199 1259 317 1322 quoque
332 1243 535 1321 repetitionem
549 1240 615 1302 eliis
631 1243 660 1302 in
676 1240 756 1314 loeis,
774 1241 804 1301 in
819 1239 927 1319 quibus
940 1239 1081 1303 haetenus
1097 1239 1207 1302 deonoti
1226 1239 1306 1302 illius

200 1351 394 1430 promulgatio
412 1349 528 1412 effectui
549 1350 614 1410 mis
634 1347 706 1423 luit,
727 1346 913 1427 injungimus.
948 1349 1137 1426 Requirimus
1154 1348 1245 1410 etiem
1264 1347 1305 1408 di·

200 1457 391 1520 lectissimum
412 1457 573 1536 Cognitum
595 1460 625 1517 et
644 1455 771 1518 Adinem
792 1460 936 1530 nostrum,
956 1456 1180 1520 Semnissimum
1202 1456 1305 1518 Domi·

200 1585 270 1630 uum
292 1564 500 1644 Wollgengum
521 1563 732 1639 Willrelmum,
764 1563 909 1628 Comitem
929 1563 1093 1626 Pelstinum
1113 1563 1227 1636 lllseni,
1248 1565 1304 1627 Bs-

199 1675 306 1746 resine,
326 1673 430 1748 Julius,
448 1670 557 1734 Clivise
578 1679 607 1736 et
617 1673 763 1736 Montium
785 1672 896 1736 Dnnem
912 1678 975 1748 eto,
997 1677 1031 1734 ut
1050 1689 1104 1751 pro
1124 1673 1230 1752 insigni
1251 1691 1303 1736 suo

199 1783 264 1846 nelo
288 1785 318 1846 in
339 1781 532 1853 ldonssteriis,
553 1780 700 1860 collegiis,
721 1779 844 1855 Schelle,
874 1787 903 1844 et
923 1780 1111 1844 ldissiouilrus
1132 1779 1304 1846 truotuosis·

198 1893 281 1954 urnis
301 1893 411 1970 possim
432 1909 485 1969 per
506 1889 635 1952 Duestus
656 1907 727 1952 suos
747 1890 885 1950 institutis
907 1895 937 1952 et
957 1890 1079 1950 ulterius
1109 1889 1303 1965 instituendis,
1402 1913 1403 1926 ¹

198 2000 312 2064 edtidei
323 2005 351 2062 et
361 2002 474 2078 pietatis
486 2002 697 2061 incrementum
711 2016 888 2078 morumque
897 1997 1144 2072 reformationem,
1164 1999 1253 2060 etiem
1274 2001 1303 2060 in
1402 2005 1403 2054 i

198 2109 255 2172 lroo
271 2113 332 2172 tum
343 2110 506 2170 necessario
522 2110 655 2200 negotio,
668 2107 704 2168 sd
718 2108 929 2169 occurrendum
945 2108 1122 2186 gravissimis
1139 2108 1302 2170 eni-erum

199 2217 346 2296 perieulis,
367 2217 456 2278 Nobis
477 2217 601 2289 assistet,
624 2219 653 2275 et
672 2213 839 2294 Toparchis,
862 2215 1000 2294 sinapis,
1027 2214 1193 2290 Prseieotis,
1215 2213 1304 2278 Pres-

198 2326 308 2390 toribns
331 2324 454 2404 sliisque
475 2327 536 2388 suis
564 2323 696 2386 officietis
722 2324 955 2402 quibuscumque
981 2323 1189 2402 gratiosissime
1221 2341 1304 2403 pree·

88 2430 90 2434 ’
198 2435 296 2512 oipist,
318 2438 351 2494 ut
372 2435 476 2512 quouis
488 2434 552 2496 looo
572 2421 618 2494 sui
639 2433 787 2494 districtus
806 2433 1010 2512 uuusquisque
1028 2447 1133 2494 eorum
1154 2434 1305 2494 strenuum

198 2559 300 2606 eurem
321 2545 351 2604 et
376 2541 552 2620 vigilantium
572 2541 707 2604 adhibeat
728 2541 765 2602 sd
795 2542 945 2604 decretum
967 2539 1023 2602 hoe
1040 2540 1123 2620 juxte
1144 2539 1305 2602 Tridentini

198 2647 320 2712 Consilii
348 2653 480 2729 ruentem
504 2649 534 2710 in
566 2650 798 2729 quibuscumque
826 2648 972 2729 parochiis
1000 2648 1199 2728 prseistorum
1228 2649 1305 2711 Suus
1401 2715 1402 2724 χ

199 2758 366 2820 Dilectionis
387 2759 545 2822 domiuum
566 2757 660 2820 Julius
680 2763 710 2819 et
730 2758 876 2822 Montium
898 2757 1026 2836 legitime
1048 2755 1306 2834 pnbtimndum,et
1401 2727 1402 2760 ³

199 2864 261 2944 ejus
292 2865 382 2928 treme
410 2867 649 2944 promulgationis
676 2866 874 2928 authenticum
900 2866 1101 2928 testimonium
1132 2881 1149 2926 s
1177 2862 1305 2942 psroolro
1401 2867 1402 2910 i

199 2974 255 3038 looi
276 2979 306 3036 et
326 2975 469 3036 sedilibus
489 2973 702 3052 subsoriptmn‚
734 2981 792 3036 tem
814 2974 920 3049 Nobis,
943 2992 1031 3054 quem
1052 2973 1131 3036 Suae
1151 2970 1305 3034 llileotiooi

199 3082 434 3160 eomignrndum,
456 3101 493 3144 ne
512 3083 650 3161 deinoeps
670 3083 760 3146 ullius
781 3087 909 3162 torpore,
933 3081 1105 3162 negligentis
1124 3080 1172 3142 uel
1194 3082 1305 3142 inenris

198 3195 258 3254 teor
293 3195 373 3270 pium
403 3192 549 3270 negotium
578 3193 749 3255 retardetur.
803 3193 837 3254 ln
864 3190 942 3254 huno
972 3207 1060 3252 nsum
1090 3190 1208 3267 saepius
1237 3189 1305 3250 dieti

198 3301 309 3364 decreti
329 3299 490 3362 Tridentini
505 3301 593 3362 verbs
614 3301 702 3362 letius
722 3304 752 3361 et
772 3299 909 3362 trsnslets
930 3299 967 3360 in-
982 3299 1090 3360 idionis
1111 3302 1245 3362 nostrum
1260 3296 1305 3358 leis

198 3411 335 3472 duximus
357 3407 570 3488 adjungende.“
612 3408 680 3470 Post
701 3409 850 3470 decretum
877 3409 1026 3486 sequitur:
1052 3407 1162 3480 „naue
1183 3407 1213 3466 in
1235 3406 1304 3466 oisi-

198 3523 257 3580 tste
278 3523 375 3581 nostre
396 3517 515 3578 Bounse
536 3517 584 3578 die
604 3519 705 3595 quinte
726 3515 884 3578 Novembr.
906 3533 982 3576 euno
1006 3512 1097 3576 teti.
1139 3510 1304 3574 Fordiuno·
1400 3501 1401 3576 l

199 3629 262 3690 dus.
290 3627 320 3688 V.
344 3623 483 3706 Georgius
503 3624 615 3686 Paulos
637 3623 795 3697 Straoius,
816 3621 1164 3704 opulentissumus,
1188 3619 1304 3703 Suffra-

198 3754 304 3815 pimeus
327 3729 501 3794 Colnnisosis
521 3741 549 3794 et
575 3733 708 3796 Vioorius
733 3730 891 3796 Generalis.

193 3873 195 3878 ·
260 3841 392 3904 seirius
412 3842 500 3902 etism
522 3842 596 3902 inter
624 3845 722 3920 pitres
744 3844 921 3918 conscriptus
941 3844 1125 3912 recensetur,
1156 3842 1206 3920 qui
1228 3859 1304 3904 enno

200 3947 290 4014 1652.
312 3947 450 4012 Coloniae
479 3953 568 4010 testes
600 3949 717 4010 luerunt
746 3949 877 4024 Ernesti,
909 3948 1029 4012 Hessius
1060 3948 1304 4012 llermstsdiensis
1399 4005 1400 4040 ,

198 4055 349 4136 Principis,
371 4073 437 4118 oum
459 4073 514 4118 sus
534 4055 655 4136 conjuge
675 4057 822 4120 Eleonors
848 4055 941 4120 Meris
962 4057 1109 4120 Selmensi
1135 4062 1303 4122 conversio·

198 4170 246 4230 nis
264 4167 300 4228 ud
322 4165 410 4228 fidem
430 4161 617 4237 ostholieens,
639 4183 731 4244 quun
749 4168 921 4245 praeprinis
943 4172 1155 4243 promoverunt
1174 4166 1304 4228 celeber·

199 4278 265 4338 rimi
293 4279 325 4336 et
343 4275 530 4336 eruditissimi
558 4273 660 4336 lretres
690 4274 834 4338 Adrienus
861 4280 891 4336 et
918 4274 1020 4336 Peneis
1046 4276 1083 4336 de
1111 4274 1303 4356 Wslenbuig,

199 4384 251 4465 qui
272 4385 376 4448 eodem
396 4399 473 4444 enno
504 4383 589 4468 typis&
603 4383 756 4448 ediderunt
776 4381 1011 4448 Coloniensihnm
1033 4379 1242 4450 :cumulati
1262 4383 1304 4448 nd
1398 4381 1399 4394 ¹
