2832 4828
731 393 778 463 96

198 589 283 652 Patri
319 587 484 653 Gnardiano
515 589 588 653 Ord.
618 591 832 670 Capucinorum
864 589 1082 672 llusseldorpii‚
1115 593 1164 655 Fr.
1195 592 1307 674 Angelo

204 699 324 772 Perano,
345 699 509 761 facultatem
530 701 609 762 dedit
629 701 818 762 benedicendi
839 700 983 764 Sacellum
1005 701 1035 764 S.
1056 701 1158 764 Crucis
1179 703 1210 763 in
1231 701 1307 764 Stol-

204 807 271 882 leln,
292 807 448 871 Parochiae
468 809 497 868 in
518 809 610 871 Bilck.
641 811 701 872 Sibi
722 811 808 873 vivus
829 813 926 890 posuit
945 815 1178 886 monumentum,
1201 813 1232 872 in
1251 829 1307 890 quo

204 933 297 978 annus
319 921 348 978 et
368 917 430 978 dies
451 916 546 982 obitus
567 921 705 980 nutatura

674 1135 836 1198 Memoriae

581 1241 725 1306 Francisci
747 1243 866 1322 Caspari
887 1245 924 1305 de

582 1351 923 1426 Francken-Siersdorll,

552 1461 690 1539 Episcopi
705 1459 954 1538 uhoulopolurni,

544 1569 728 1648 -Suffragauei
757 1567 954 1644 coloniensis,

498 1677 592 1758 Hujus
613 1677 740 1756 Metrop.
761 1683 790 1739 et
811 1679 839 1737 in
865 1677 1008 1756 Capitolio

587 1785 724 1848 Canonlci
746 1785 922 1864 presbyteri,

523 1891 683 1972 Utrobique
705 1893 833 1955 Senioris
853 1894 983 1955 lubilarii

587 2005 617 2063 et
637 2003 674 2062 ad
694 2003 724 2064 S.
746 2003 918 2064 Severinum

642 2110 713 2172 olim
735 2109 860 2184 Meceni,

728 2219 778 2298 qui
1198 2263 1201 2270 ,

365 2327 458 2392 Natus
478 2326 529 2388 22.
553 2325 628 2389 Nou.
652 2324 757 2398 1683„
779 2328 850 2389 obiit
870 2327 900 2389 6.
922 2325 1006 2389 Febr.
1031 2327 1138 2400 1770..

414 2483 418 2490 ,
468 2436 580 2496 nautis
602 2433 661 2507 87.
679 2436 877 2514 Episcopatus
898 2454 974 2498 anno
996 2434 1046 2497 lo.

693 2542 808 2618 Viator,

539 2651 598 2728 Qui
618 2653 674 2715 hoo
693 2671 823 2715 marmor
841 2655 963 2732 aspicis,

450 2763 539 2842 ‘quod
560 2763 706 2823 humanae
727 2761 900 2824 conditionis
922 2778 1036 2824 memor

521 2943 523 2946 ¹
601 2871 686 2932 vivus
707 2869 761 2932 sibi
783 2871 920 2948 posuil‚'

526 3031 529 3036 .
570 2975 704 3040 Deluncli
724 2977 925 3048 reminisceret

327 3136 457 3233 xxxv.
498 3168 677 3234 canonos
697 3167 891 3233 nnousrus
913 3168 1164 3234 uunrunusrs.

214 3313 218 3334 ⁷
259 3307 417 3370 Dominum
438 3301 752 3367 Francken-Slersdorf
766 3308 893 3366 secutus¹
905 3309 950 3366 est
971 3309 1000 3366 et
1012 3307 1127 3385 pietate,
1148 3303 1306 3368 alleroore

198 3415 303 3478 similis
323 3415 444 3478 Carolus
466 3413 614 3493 Mopsion,
632 3413 738 3475 Comes
760 3413 797 3476 de
816 3413 996 3492 Kiinigsegg;
1019 3431 1095 3474 anno
1117 3414 1218 3474 aetatis
1234 3431 1307 3476 suae

198 3527 420 3604 quadragesimo
451 3529 554 3602 quarto
583 3522 619 3583 ab
641 3521 705 3600 lpso
726 3521 971 3601 Archieplscopo,
998 3522 1115 3583 Bonnae
1136 3522 1167 3582 in
1189 3521 1306 3584 Sacello

198 3631 382 3708 nullamne.
405 3631 515 3710 Aprilis
538 3629 636 3704 17702,
658 3631 858 3692 assistentibus
888 3631 1087 3709 Siegbergensi
1115 3634 1146 3691 et
1166 3629 1208 3692 st.
1230 3631 1306 3692 Pan·
1395 3601 1396 3632 ¹

198 3741 322 3801 taleonis
343 3739 512 3812 Abbatibus,
534 3743 716 3800 consecratus
745 3745 799 3818 est
821 3739 985 3818 Episcopus
1013 3739 1206 3818 Myrinensis,
1229 3757 1305 3818 quae

198 3847 269 3910 alias
290 3847 394 3909 dicitnr
414 3847 506 3909 Plinio
529 3847 729 3928 Sebastopolis,
751 3847 880 3910 Aeolidis
900 3850 1009 3920 civitas,
1031 3847 1085 3909 sub
1107 3847 1225 3924 Epheso
1237 3846 1305 3910 Me-

199 3957 314 4036 tropoli,
336 3973 428 4035 prope
448 3955 646 4034 distinguenda
661 3976 677 4018 a
694 3957 792 4036 Myris
804 3960 866 4019 siue
881 3957 996 4019 civitate
1008 3956 1147 4036 Myrensi,
1169 3957 1197 4016 in
1213 3957 1305 4036 Lycia

198 4065 363 4146 Metropoli,
384 4066 562 4144 Episcopatu
583 4067 613 4128 S.
635 4065 745 4128 Nicolai
767 4065 962 4127 celeberrima.
987 4097 1025 4110 -
1047 4065 1160 4128 Eodem
1181 4075 1258 4126 anno
1275 4065 1304 4124 in

198 4173 328 4238 Ecclesia
367 4175 422 4248 ul.
460 4173 608 4237 Minorum
644 4173 783 4238 Coloniae
813 4175 941 4255 quinque
972 4175 1082 4236 Altaria
1113 4176 1303 4244 consecravit,

141 4341 143 4345 ,
198 4285 441 4365 cujusoriginale
462 4285 660 4347 testimonium
681 4301 749 4346 cum
769 4285 800 4345 in
821 4262 1148 4354 manibushabeamirs,
1181 4281 1304 4362 ejusque

200 4397 329 4458 caeteras
349 4394 501 4473 dignitates
521 4395 673 4469 contineat,
694 4392 742 4454 hic
763 4393 985 4456 describendum
1008 4357 1159 4456 duximMa:
