2832 4828
647 417 691 487 81

60 619 65 628 “
118 616 291 697 episcopali,
313 622 343 680 et
364 617 402 680 ds
422 616 527 697 triplici
549 613 663 678 Vicario
682 609 838 687 (imerali,
870 614 948 694 quod
970 613 1113 694 posterius
1134 628 1225 690 opus·

120 724 221 786 culum
242 719 318 787 anno
341 725 432 792 1781.
455 725 492 788 01)
515 727 662 787 raritatem
684 729 713 785 et
740 723 894 784 utilitatem
914 739 997 783 suam
1019 719 1157 783 Coloniae
1177 737 1225 780 re·

119 853 223 896 cusum
245 838 298 896 est.
351 833 424 895 Prae
445 833 580 895 omnibus
601 839 697 894 tamen
719 825 941 893 memorandum
963 827 1224 928 putamus,quod,

119 945 183 1021 ipso
205 944 338 1020 inprimis
359 947 496 1022 urgente,
529 960 605 1004 anno
628 939 719 1003 ltid'i.
752 941 824 1002 illud
853 937 973 1001 Concilii
992 938 1152 999 Tridentini
1174 938 1225 998 de·

119 1055 232 1113 cretum
254 1052 291 1112 dc
312 1051 495 1111 clandestinis
517 1049 707 1112 matrimoniis
736 1067 789 1127 per
809 1049 952 1109 Ducatum
978 1047 1172 1108 Juliacensem
1195 1047 1226 1104 et
1339 1089 1343 1096 .

119 1158 303 1220 Montensem
325 1160 365 1218 sit
385 1159 610 1236 promulgatum,
632 1163 661 1218 et
680 1159 797 1236 quidem
816 1156 895 1218 bisce
915 1156 1028 1218 uerbis:
1051 1152 1225 1227 „Fordinan-
1248 1171 1251 1176 ·

120 1268 182 1338 dus,
198 1266 254 1326 Dei
272 1270 300 1326 et
317 1266 502 1344 Apostolicae
520 1266 604 1328 Sedis
620 1259 709 1346 gratia
731 1267 840 1327 electus
864 1270 893 1325 et
909 1263 1097 1326 confirmatus
1115 1262 1145 1324 S.
1167 1259 1224 1324 Co·

119 1375 178 1436 lon.
194 1373 344 1435 Ecclesiae
360 1373 605 1453 archiepiscopus
625 1379 679 1436 stc.
697 1380 750 1436 etc.
781 1372 857 1435 Cum
872 1377 967 1434 sancta
985 1376 1078 1432 mater
1094 1367 1226 1430 Ecclesia

116 1481 283 1560 justissimis
302 1501 338 1542 ex
359 1485 454 1544 causis
478 1501 595 1561 semper
614 1483 754 1544 detestata
776 1485 813 1543 sit
833 1481 1009 1542 clandestina
1032 1479 1224 1550 matrimonia,

118 1593 301 1668 uolueritque
329 1595 447 1670 propter
473 1592 655 1654 incommoda
682 1593 864 1670 gravissima,
901 1607 976 1668 qnae
1002 1589 1097 1650 solent
1127 1607 1163 1649 ex
1187 1588 1224 1648 iis

119 1715 270 1772 emanare,
294 1699 496 1761 mandavimus
512 1703 541 1760 in
557 1699 650 1761 tribus
668 1694 791 1779 Synodis
811 1700 916 1762 nostris
933 1699 1137 1771 Dioecesanis,
1163 1698 1225 1755 tam

120 1825 196 1868 anno
217 1805 425 1886 1598.‚·quam
448 1807 620 1870 anu.1612.
639 1813 668 1869 et
687 1827 752 1870 ann.
770 1806 861 1867 1627.
884 1807 1052 1879 celebratis,
1071 1810 1104 1866 ut
1123 1806 1225 1864 decre·

121 1921 183 1978 tum
212 1913 334 1976 Concilii
357 1915 516 1976 Tridentini
545 1915 582 1976 de
613 1915 815 1977 reformatione
838 1915 1015 1975 matrimonii
1036 1915 1065 1972 in
1090 1911 1224 1974 omnibus

117 2023 258 2087 Ecclesiis
273 2028 390 2084 nostrae
410 2023 601 2102 jurisdictioni
622 2023 774 2101 temporali
793 2027 823 2084 et
839 2023 981 2100 spirituali
999 2020 1133 2100 subjectis
1154 2038 1223 2098 pro·

117 2132 309 2211 mulgeretur.
351 2131 394 2192 Ac
410 2132 476 2192 licet
492 2134 520 2192 in
538 2131 705 2205 Ducatibus,
727 2131 919 2193 Comitatibus
941 2135 971 2190 et
984 2131 1135 2191 territoriis
1151 2132 1225 2188 tem-

117 2239 211 2320 porali
228 2244 344 2302 nostrae
367 2239 552 2301 dominationi
575 2237 706 2312 subditis,
732 2243 770 2313 et,
789 2257 864 2318 quae
883 2237 937 2298 sub
963 2236 1009 2298 his
1030 2241 1106 2308 sunt,
1136 2255 1225 2314 paro·

117 2347 260 2410 cbialibus
269 2341 409 2410 Ecclesiis
419 2347 481 2409 lere
490 2348 609 2426 singulis
620 2347 747 2427 legitime
759 2348 796 2408 sit
808 2345 1002 2425 publicatum:
1025 2341 1222 2423 comperimus

117 2462 214 2518 lamen
231 2454 360 2534 ejusdem
377 2455 637 2535 promulgationem
655 2473 713 2517 non
728 2473 794 2516 esse
811 2457 1006 2534 undequaque
1027 2454 1225 2528 subsecutam,

117 2565 290 2646 praesertim
312 2566 342 2624 in
365 2563 520 2638 Ecclesiis‚
540 2563 710 2638 Buccillus,
727 2563 934 2637 Comitatibus,
953 2564 1104 2624 territoriis
1122 2567 1152 2624 et
1173 2563 1224 2624 do·

117 2676 214 2736 miniis
234 2676 264 2734 in
282 2672 415 2733 llioecesi
433 2673 553 2750 quidem
577 2677 673 2734 nostra
691 2673 905 2746 exsistentibus,
921 2672 971 2732 sed
989 2672 1061 2732 altae
1082 2672 1225 2732 saeculari

117 2787 235 2845 nostrae
257 2781 447 2860 jurisdictioni
474 2798 532 2840 non
558 2779 719 2858 subjectis,
743 2779 780 2841 ob
806 2779 989 2840 Decanorum
1020 2780 1162 2840 ruralium
1194 2785 1225 2841 et

117 2887 311 2968 parochorum
334 2888 548 2966 negligentiam.
591 2886 674 2950 Unde
693 2905 760 2948 cum
781 2888 919 2949 hactenus
940 2887 1065 2961 abusus,
1090 2887 1224 2950 scandala

117 3003 147 3059 et
165 2995 396 3075 perturbationes
411 2999 554 3057 maximae
576 2997 682 3058 durent
700 2999 729 3058 in
744 2997 875 3058 Dioeeesi
897 3001 1001 3064 nostra.
1017 2996 1087 3058 dum
1105 2997 1225 3076 quidam

117 3105 261 3168 malitiose
282 3103 433 3166 conserunt
449 3123 481 3165 sa
497 3105 532 3165 ad
550 3107 645 3168 vicina
663 3105 736 3180 loca,
755 3108 784 3166 in
806 3105 911 3184 quibus
928 3087 1057 3166 nondum
1076 3107 1120 3166 est
1137 3122 1223 3182 prae-

117 3215 210 3276 latum
229 3214 378 3274 decretum
399 3213 587 3290 publicatum,
602 3213 700 3293 ibique
717 3214 894 3275 clandestina
907 3213 1054 3274 celebrent
1071 3213 1224 3274 matrimo·

118 3324 166 3384 nia
186 3325 287 3384 contra
314 3339 463 3382 sacrorum
485 3317 634 3383 Canobum
657 3321 874 3394 inhibitionem3
902 3328 934 3382 ut
956 3323 1042 3392 tantis
1065 3315 1151 3380 malis
1173 3338 1225 3381 oc-

117 3447 286 3499 curramus,
319 3430 355 3490 de
380 3431 553 3491 venerabilis
583 3429 708 3508 Capituli
734 3433 823 3490 nostri
856 3429 1071 3508 llletropolitani
1103 3425 1224 3488 consilio

119 3541 228 3619 pariter
249 3540 279 3598 et
296 3555 430 3613 assensu,
450 3539 555 3599 iterum
573 3540 744 3600 mandamus
761 3543 790 3600 et
809 3539 885 3600 serio
904 3539 1097 3616 praecipimus
1118 3535 1223 3597 Archi-

118 3647 263 3719 diaconis,
288 3645 409 3706 Decanis
426 3647 587 3720 ruralibus,
618 3647 783 3708 Pastoribus
801 3651 830 3708 et
850 3644 1025 3706 Vicecuratis
1043 3643 1177 3706 omnibus
1195 3648 1224 3705 et

118 3754 243 3833 singulis
262 3756 321 3813 tam
341 3753 395 3813 sub
420 3754 573 3832 temporali
592 3760 689 3816 nostra
703 3755 917 3834 jurisdictione,
946 3770 1035 3832 quam
1060 3757 1141 3814 extra
1159 3769 1225 3812 eam

117 3865 148 3923 in
170 3866 270 3922 nostra
287 3861 418 3921 Diocccsi
434 3863 610 3932 constitutis,
629 3867 676 3936 ut,
691 3865 720 3922 in
745 3879 931 3940 quocumque
949 3861 1013 3922 loco
1033 3861 1143 3921 dictum
1160 3860 1225 3920 Tri-

118 3970 230 4032 dentini
249 3969 369 4031 Concilii
392 3969 542 4030 decretum
564 3970 600 4030 de
619 3969 822 4032 relormatione
840 3969 1014 4030 matrimonii
1035 3985 1093 4028 non
1111 3971 1155 4026 est
1170 3983 1225 4043 pro

118 4081 257 4157 suggestu
278 4076 467 4156 publicatum,
489 4079 616 4155 idipsum
638 4077 825 4157 promulgent
840 4083 870 4140 ct
885 4077 1027 4154 explicent
1042 4077 1115 4136 intra
1132 4074 1224 4136 'nnius

118 4187 230 4248 mansis
257 4189 405 4266 spatium,
435 4188 577 4265 incepturi
601 4205 619 4248 a
648 4187 696 4247 die
719 4185 834 4248 habitae
865 4186 1060 4265 praesentium
1087 4184 1224 4246 notitiae:

119 4295 259 4373 idemque
276 4297 306 4356 in
326 4294 391 4357 loeo
409 4299 543 4374 patente,
567 4298 600 4356 ut
615 4293 651 4355 ab
667 4295 802 4356 omnibus
820 4295 876 4373 legi
894 4295 999 4370 possit,
1025 4311 1078 4370 per
1093 4292 1225 4354 mensem

120 4404 242 4468 affixum
259 4409 391 4469 sementa
419 4422 454 4466 ac
478 4403 582 4466 deinde
604 4403 720 4484 saepius
740 4403 814 4464 banc
830 4401 1054 4482 publicationem
1081 4405 1111 4463 et
1132 4401 1225 4481 expll-

1006 4508 1026 4570 6
