2832 4828
647 325 721 414 sax

180 521 257 584 Cum
277 523 436 596 Bernardo,
456 525 489 582 ut
507 521 643 595 vidimus,
665 537 812 583 connexus
835 524 878 582 est
890 518 1085 583 Theudoricus
1106 521 1223 583 Estien·

8 687 11 704 ,
115 633 169 702 sis,
191 630 262 692 alias
284 629 452 692 Heistorum
473 632 647 710 Episcopus,
668 631 705 691 de
726 647 784 710 quo
806 635 899 692 exstat
919 631 1082 710 inscriptio:
1113 627 1224 703 „Anno

8 717 10 832 ὲ
114 737 296 814 ucuxm,
319 739 397 800 vm.
419 739 542 800 Kalena.
559 738 731 818 stpomar,
754 742 953 802 consecratum
970 743 1015 800 est
1035 737 1134 799 arare
1156 739 1223 800 non

8 903 12 914 .
115 847 208 910 Chori
243 848 390 910 Sautensis
420 847 456 908 ab
484 847 631 925 Episcopo
661 849 788 908 Estieusi
818 850 847 908 in
869 845 978 909 bonore
998 847 1032 909 B.
1053 845 1095 908 M.
1116 845 1153 909 V.
1180 879 1222 892 -·

8 917 12 1052 ζ
116 957 201 1018 ldem
222 956 387 1020 Trimouiae
407 959 586 1019 consecravit
607 957 750 1034 templum
773 957 804 1018 8.
820 955 991 1019 Catharinae
1011 955 1224 1016 Praemoustra·

8 1123 12 1162 ἱ
117 1069 244 1126 tensium
268 1065 521 1141 annomccxv„
542 1069 616 1126 teste
637 1065 837 1145 Kleinsocgio,
858 1071 888 1127 et
909 1065 1084 1139 mccxvl,
1107 1063 1142 1126 V.
1164 1063 1224 1126 Ka·

8 1235 10 1258 ,
116 1173 195 1234 lend.
221 1173 301 1252 Maji,
323 1173 352 1234 S.
381 1173 562 1234 Pantaleouis
581 1174 761 1235 Ecclesiam.
805 1173 880 1234 Nam
910 1177 964 1235 etsi
995 1191 1029 1234 ea
1065 1173 1223 1252 quondam,

8 1263 11 1380 ἐ
116 1287 193 1343 teste
208 1279 365 1342 Godeirido
382 1280 586 1354 Paataleonita,
597 1299 673 1343 anno
686 1281 820 1343 videlicet
833 1281 948 1342 Domini
959 1277 1224 1357 DCCCCLXXX,

114 1389 213 1449 iuerat
233 1393 398 1450 consecrata
419 1407 435 1448 a
457 1389 620 1450 Venerabili
643 1390 775 1462 Warino,
797 1388 1023 1469 Arcbiepiscopo
1049 1386 1223 1461 Coloniensi,

8 1571 10 1580 y
114 1503 187 1558 tunc
209 1501 306 1558 tamen
329 1490 450 1575 propter
478 1497 586 1558 uiolata
614 1515 721 1558 cornua
747 1496 892 1558 Altarium
930 1495 1089 1575 principale
1121 1494 1222 1558 Altare
1290 1541 1291 1548 .

8 1669 10 1694 s
114 1623 185 1666 eum
207 1605 270 1666 aliis
293 1606 407 1667 duobus
429 1624 465 1665 er
487 1610 608 1684 utraque
638 1611 736 1684 parte,
768 1605 892 1666 scilicet
908 1605 1065 1666 Deatorum
1094 1601 1171 1665 Petri
1193 1607 1223 1666 et

114 1713 210 1786 Pauli,
231 1714 337 1774 ibidem
351 1714 504 1774 destructis
525 1719 554 1774 et
573 1716 688 1775 noviter
702 1716 851 1792 reparatis,
873 1717 1037 1774 consecrata
1059 1717 1135 1786 sunt,
1154 1732 1223 1776 cum

114 1821 270 1900 Capellula
291 1821 460 1884 Sanctuario
481 1823 624 1901 contigua,
645 1840 721 1901 quae
741 1823 772 1882 in
793 1821 904 1884 honore
925 1821 956 1883 S.
971 1821 1143 1882 Catharinae
1157 1823 1222 1883 Vir·

118 1935 196 2014 ginis
217 1937 381 1993 consecrata
402 1936 455 1992 est.
487 1931 514 1992 Α
535 1931 654 2010 Paganis
675 1931 787 1992 occisus
808 1935 853 1991 est
873 1948 948 1992 anno
969 1927 1070 2003 1220,
1090 1933 1123 1991 ut
1143 1931 1222 2010 apud

115 2041 272 2104 Albertum
294 2040 464 2102 Stadeusem
486 2039 601 2117 legitur.

179 2148 271 2211 Porro
298 2153 430 2227 tempore
462 2148 491 2210 S.
513 2146 680 2225 Eagelberti
711 2144 930 2226 Arcbiepisoopi
962 2165 1015 2226 pro
1044 2145 1163 2226 Imperii
1191 2151 1221 2208 et

113 2259 315 2323 Ecclesiarum
337 2258 414 2318 curis
435 2257 559 2318 distento
571 2255 708 2336 Martyre,
720 2255 866 2317 Vicarium
888 2257 945 2336 egit
965 2254 1127 2330 Walterus,
1150 2255 1222 2319 Car·

115 2368 246 2430 liolensis
273 2366 446 2444 Episcopus.
488 2363 592 2425 Exstat
619 2365 656 2426 de
685 2364 742 2424 hoc
769 2363 949 2442 praeclarum
979 2363 1220 2427 monumentum:

98 2474 308 2552 .„Walterus,
331 2473 384 2533 Dei
412 2473 503 2550 gratia
532 2469 718 2534 Carliolensis
739 2471 923 2550 Episcopus,
948 2472 1092 2534 universis
1113 2471 1221 2536 Christi

114 2581 267 2655 fidelibus,
294 2579 419 2660 quibas
441 2580 550 2640 litteras
571 2581 766 2658 inspexerint,
786 2580 913 2641 salutem
940 2581 969 2641 in
992 2580 1108 2644 Christo
1128 2581 1217 2644 Jesul

115 2691 260 2753 Noverint
290 2690 418 2751 uniuersi
450 2694 479 2750 et
511 2689 632 2768 singuli,
664 2688 742 2766 quod
774 2707 827 2750 uos
855 2689 892 2750 de
915 2691 1074 2751 'autoritate
1103 2689 1219 2752 Domini

115 2799 220 2861 Colca.
242 2798 460 2876 Arcbiepiscopi
482 2797 659 2876 Engelberti,
681 2801 710 2860 et
731 2797 767 2858 ad
789 2798 958 2875 petitionem
986 2801 1147 2862 conventus
1168 2797 1218 2862 88.

115 2907 326 2985 Apostolorum
341 2908 374 2967 -in
390 2905 519 2980 Colonia,
541 2923 667 2984 capsam,
689 2923 764 2986 quae
785 2908 813 2966 in
835 2906 979 2984 praedicta
1000 2904 1131 2968 Ecclesia
1151 2923 1221 2968 con³

114 3018 200 3090 sistit,
223 3033 291 3077 cum
313 3013 409 3086 debita
422 3014 604 3076 solemnitate
618 3014 827 3088 benediximus,
843 3020 871 3076 et
884 3015 914 3076 in
933 3033 967 3076 ea
984 3033 1051 3076 cum
1066 3016 1219 3078 devotione

115 3131 146 3186 et
165 3127 327 3186 reverentia
355 3123 504 3203 Reliquias
524 3123 695 3185 Sanctorum
716 3127 917 3202 reposuimus,
952 3125 1061 3186 scilicet
1083 3125 1120 3186 de
1141 3126 1219 3205 ligno

114 3233 243 3304 Domini,
266 3233 302 3294 de
320 3233 458 3311 sepulcro
477 3233 602 3304 Domini,
624 3229 780 3294 demensa
807 3233 923 3294 Domini
945 3237 1010 3308 etc,
1032 3233 1062 3295 S.
1084 3231 1218 3309 Materni,

114 3341 228 3403 Pantuli
239 3333 377 3420 Episcopi
400 3347 428 3402 et
449 3341 572 3403 aliorum
587 3341 787 3404 Sanctorum.“
809 3341 848 3402 Et
870 3344 936 3418 post
956 3341 1097 3418 plurimas
1118 3359 1219 3402 recen·

113 3451 184 3511 sitas
201 3450 372 3512 Sanctorum
383 3451 541 3529 Reliquias.
565 3451 646 3524 „Nos
666 3451 752 3512 etiam
775 3449 812 3510 de
822 3449 1097 3531 misericordianlesu
1109 3447 1219 3511 Christi

114 3561 145 3617 et
153 3558 203 3619 88.
227 3559 357 3618 omnium
379 3557 492 3618 meritis
512 3557 624 3632 conlisi,
646 3561 676 3618 et
696 3557 864 3618 auctoritate
880 3556 981 3620 Colou.
1000 3535 1221 3638 Archiepiscopi

114 3665 241 3738 suffulti,
265 3666 398 3727 omnibus
419 3667 493 3740 illis,
516 3669 567 3745 qui
588 3668 618 3727 iu
639 3665 791 3727 festivitate
814 3666 864 3728 88.
878 3666 1043 3746 Martyrum
1063 3663 1167 3728 Felicis
1189 3671 1219 3729 et

113 3773 237 3835 Adaucti
256 3775 290 3834 ad
308 3775 483 3853 praedictam
495 3767 655 3836 Ecclesiam
676 3775 858 3849 accesserint,
873 3775 920 3837 vel
940 3775 1140 3864 eleemosynas
1150 3795 1218 3839 suas

113 3883 343 3955 transmiserint,
364 3881 468 3944 XXX.
491 3885 552 3944 dies
574 3883 766 3963 poenitentiae
787 3883 840 3944 sibi
862 3903 917 3962 pro
938 3884 1062 3962 peccatis
1082 3887 1159 3959 suis,
1181 3885 1218 3946 de

113 3979 221 4070 quibus
243 3990 350 4051 luerint
370 3991 545 4052 sufficienter
574 3993 690 4054 contriti
712 3997 741 4054 et
766 3988 964 4054 sacerdotibus
994 3993 1054 4054 suls
1084 3993 1218 4068 ccuiessi,

112 4101 299 4161 remittimus.
333 4098 378 4160 Ne
400 4117 468 4178 ergo
489 4099 661 4162 bociactum
682 4103 814 4162 nostrum
823 4101 908 4162 alicui
920 4101 1112 4180 imposterum
1124 4104 1217 4180 possit

112 4208 215 4268 venire
237 4207 266 4266 iu
288 4207 425 4281 dubium,
447 4213 626 4286 praesentem
641 4203 779 4288 'paginam
800 4225 888 4288 super
909 4206 965 4269 boc
985 4209 1131 4270 conscribi·
1147 4210 1217 4272 ieci·

113 4333 181 4377 mus
202 4319 233 4378 et
248 4303 341 4394 ‘sigilli
363 4318 454 4380 nostri
469 4317 648 4396 appositione
669 4309 851 4380 communiri.
878 4313 952 4378 Acta
969 4319 1038 4377 sunt
1052 4315 1124 4380 baec
1139 4337 1218 4388 anuo
1238 4308 1241 4314 ¹

963 4421 984 4484 3
996 4419 1017 4464 e
