2832 4828
571 1195 790 1268 uuum*
811 1196 913 1268 111.

184 1335 231 1398 ur
254 1333 410 1398 Envscorrs
431 1335 634 1398 Trrunanrnus
655 1351 688 1396 m
709 1351 854 1396 riuvinus
875 1351 1073 1410 immemori,
1094 1320 1295 1400 uxrnnounr-

301 1463 402 1508 ninius
423 1443 607 1508 Concursus.
629 1441 902 1506 nicrinuscoron.
924 1443 1165 1509 Sorrnncannm.

185 1715 373 1819 Primnum
405 1754 559 1833 Episcopis
587 1753 768 1816 Germanicis
790 1771 889 1817 ansam
912 1755 1044 1830 dedisse,
1074 1755 1129 1818 sibi
1159 1777 1195 1820 ex
1218 1761 1296 1839 Epi-

187 1865 284 1940 scopis
303 1882 320 1924 e
339 1867 415 1924 terra
435 1881 452 1923 a
472 1863 621 1924 Saracenis
640 1867 780 1942 occupata
801 1863 940 1941 expulsis,
961 1864 1049 1942 vulgo
1066 1865 1245 1928 'titularibus
1265 1871 1296 1928 in
1406 1873 1407 1880 ’

185 1975 315 2052 partibus
326 1971 497 2044 infidelium,
515 1972 681 2032 assumendi
697 1972 726 2030 in
739 1970 953 2032 Pontifiealibus
968 1971 1098 2034 Vicarios
1113 1975 1177 2034 sive
1194 1981 1296 2036 eitra-

185 2081 346 2141 ordinarios
371 2080 588 2158 suffraganeos,
621 2080 814 2142 lateranense
846 2080 1009 2143 Concilium
1037 2081 1092 2144 sub
1122 2082 1296 2145 Innocentio

184 2187 237 2250 111.
259 2187 406 2263 habitum,
439 2189 508 2248 alibi
534 2188 763 2250 observavimus.
806 2187 881 2262 Quis
907 2208 977 2251 vero
1000 2209 1036 2252 ex
1057 2189 1296 2270 Archiepiscopis
1406 2257 1407 2274 2

183 2299 289 2358 nostris
312 2299 423 2375 primus
444 2299 499 2359 sibi
520 2299 640 2376 elegerit
656 2297 800 2376 ejusmodi
817 2297 1044 2377 suffraganeum,
1068 2289 1296 2362 nondnm‘con-
1406 2331 1407 2348 1

184 2409 261 2466 stare
281 2406 363 2467 nobis
382 2407 506 2468 videtur.
550 2403 726 2486 Plerumque
749 2403 810 2490 id¹)
833 2407 907 2468 duee
928 2407 1004 2470 Clar.
1021 2406 1228 2482 llontheimio,
1250 2413 1296 2470 at·

183 2511 319 2586 tribuitur
335 2513 553 2574 Trevirensium
561 2513 788 2594 Archiepiscopo
805 2515 988 2578 Theodorico
1009 2516 1057 2589 11.,
1076 2518 1136 2594 qui,
1157 2507 1295 2578 latiscen-

186 2620 368 2684 libusretute
388 2628 417 2684 et
438 2621 535 2685 labore
557 2623 677 2697 viribus,
704 2627 780 2686 circa
802 2641 869 2684 ann.
893 2623 984 2684 1ttt1.
1007 2625 1042 2685 ad
1061 2625 1200 2686 vicariam
1217 2643 1294 2702 pon·

176 2730 265 2791 tilrcii
293 2733 423 2793 muneris
443 2750 564 2811 operam
583 2730 751 2805 Hosticum,
775 2733 930 2796 Ostiensem
947 2734 1136 2812 Episcopum,
1158 2733 1294 2794 adhibuit
1316 2719 1318 2722 ¹
1407 2735 1408 2746 ³

185 2839 420 2919 Sullraganeum3
451 2859 554 2902 verum
577 2841 659 2903 illum
682 2841 843 2904 Hominum
867 2842 1061 2912 Osiliensem,
1092 2831 1294 2902 nou'Ostien-

186 2966 267 3023 sem,
289 2950 393 3010 eodem
414 2953 546 3027 tempore
567 2955 597 3010 et
615 2952 752 3011 vicariam
768 2951 997 3029 Archiepiscopo
1018 2948 1184 3010 Coloniensi
1206 2966 1295 3025 prae·

187 3057 294 3117 stitisse
325 3075 464 3135 operam,
501 3075 588 3134 supra
610 3058 751 3128 vidimus,
781 3079 870 3137 quare
892 3059 973 3120 nohis
995 3056 1144 3135 probabile
1170 3060 1236 3130 est,
1258 3057 1295 3116 ub

187 3165 270 3225 initio
290 3182 382 3225 unum
398 3164 558 3226 Titularem
580 3166 757 3244 Episcopum
780 3167 873 3228 tribus
894 3167 1067 3228 deserviisse
1088 3163 1295 3224 Archidioece-

186 3274 267 3335 sibus
288 3272 468 3348 Trevirensi,
491 3273 663 3353 Moguntino
684 3279 714 3336 et
735 3273 901 3341 Coloniensi
923 3276 952 3334 in
974 3271 1197 3343 Pontifiealibus,
1219 3274 1300 3332 sicut·

187 3387 216 3443 et
244 3388 355 3445 consini
383 3385 420 3445 de
448 3403 535 3463 supra
562 3383 710 3444 nominato
736 3383 930 3457 Theoderico,
952 3383 1098 3459 Episcopo
1120 3379 1294 3452 Vironensi,

187 3493 238 3570 qui
264 3493 433 3571 Moguntina
458 3495 488 3553 in
512 3493 644 3554 Dioeoesi
673 3497 702 3553 et
730 3494 759 3552 in
781 3491 947 3553 Coloniensi
975 3490 1136 3550 functiones
1164 3490 1296 3548 exercuit

187 3589 374 3677 pontificales.
417 3600 493 3662 lllud
524 3619 641 3680 quoque
671 3600 753 3661 uobis
778 3599 961 3679 probandum
983 3599 1076 3672 venit,
1104 3595 1295 3675 quodmodo

187 3710 334 3768 annotavit
353 3707 430 3773 Cler.
445 3707 570 3772 loannis
592 3711 622 3769 in
643 3708 822 3769 Praelatione
840 3709 884 3768 'ud
907 3705 1071 3768 Elenehum
1092 3703 1295 3782 Sullragenco·

186 3833 254 3876 rurn
276 3815 481 3894 Moguutin.²),
503 3819 580 3900 quod
599 3816 818 3895 Archiepiscopi
841 3817 933 3878 nostri
954 3815 1101 3876 interdum
1121 3813 1158 3874 ad
1179 3801 1294 3874 certum

187 3925 391 3986 tantummodo
407 3924 436 3983 id
453 3942 544 4002 genus
561 3926 691 3986 vicarios
709 3925 745 3986 ad
764 3923 902 4004 pontificii
913 3923 1043 3984 muneris
1060 3925 1295 4000 procurationem

187 4035 364 4111 cooptarint,
391 4033 538 4113 usquead
559 4033 688 4094 medium
712 4035 827 4094 circiter
849 4031 997 4094 saeculum
1020 4031 1122 4109 Xlll.,
1152 4050 1212 4116 qno
1240 4033 1296 4095 sibi

212 4245 248 4308 ι1)
268 4238 367 4296 111εῑὸτ.
386 4244 520 4307 diplomat.
538 4240 685 4294 Trevircns.
703 4241 776 4294 Torn.
795 4242 816 4292 l.
833 4253 891 4306 pm.
909 4239 971 4293 610.

223 4340 250 4402 2)
268 4339 341 4392 Tum.
360 4339 396 4392 ll.
414 4339 513 4392 lterum
530 4337 676 4402 lloguntin.
693 4349 752 4403 pag.
770 4335 831 4390 120.
