2832 4828
718 343 767 418 98

189 564 353 630 appensum
372 551 426 610 ast
450 579 490 594 ·-
511 544 596 608 Anno
618 543 709 610 1776.
731 542 784 606 26.
811 542 935 626 Augusti
959 545 989 608 in
1009 545 1144 609 Ecclesia
1167 546 1295 610 Gladba·

190 659 287 732 musi,
326 653 526 720 assistentibus
555 652 715 716 Abbatibus
748 653 912 716 Aemiliano
945 653 1059 716 Bubren
1092 655 1234 718 Tuitiensi
1265 661 1296 718 et

188 764 323 830 Amanus
344 763 483 843 Herriger
503 760 760 838 Branweilerensi,
787 765 900 852 sacrata
920 781 1009 824 manu
1028 763 1177 825 benedixit
1195 764 1295 826 Abba·

189 879 250 938 tem
270 871 460 936 Lambertum
480 871 586 936 liores.
635 871 702 950 lpse
722 869 818 932 adbuc
838 871 910 933 vidit
929 871 1040 934 ultimis
1060 871 1294 952 Suffraganeatns

188 985 236 1046 sui
256 979 493 1044 annisGrllicsm
504 978 727 1054 revolutionem,
748 979 957 1060 dispersionem
970 979 1071 1056 lsrael,
1093 997 1152 1060 qua
1165 983 1295 1059 primum

189 1087 331 1152 Gallicani
357 1086 509 1152 Antistites
538 1089 630 1167 petria
659 1088 737 1166 pulsi
757 1092 787 1148 et
807 1105 825 1150 s
845 1087 979 1167 gregibus
1000 1087 1088 1166 fugati
1108 1087 1207 1150 solum
1226 1107 1294 1167 ger-

190 1197 336 1262 manicum
357 1194 503 1275 petebant,
524 1196 707 1276 praesagium
723 1213 823 1258 secum
844 1200 991 1276 portantes
1005 1195 1119 1258 futurae
1139 1201 1295 1275 tempests·

189 1308 228 1368 iis
248 1307 279 1368 in
300 1303 470 1378 Germanis,
491 1321 567 1382 quae
588 1323 645 1366 non
666 1303 760 1366 multo
780 1309 845 1384 post
865 1308 964 1366 exorta
985 1308 1039 1393 est.
1092 1303 1177 1366 Nunc
1198 1310 1229 1365 et
1249 1303 1295 1366 iu·
1399 1353 1400 1404 3

189 1431 256 1496 gun
275 1413 313 1476 ad
339 1410 490 1476 Gallorum
511 1411 669 1474 adventum
696 1414 818 1490 arripuit
844 1410 1088 1492 nrcbiepiseopus
1119 1417 1148 1476 et
1175 1412 1295 1474 Elector

190 1519 372 1610 Coloniensis
392 1524 546 1600 totumque
567 1518 737 1598 Capitulum
755 1519 1029 1600 Metropolitanum
1051 1520 1131 1582 solus
1151 1522 1295 1600 intrepide

190 1630 331 1692 remansit
350 1627 474 1692 Carolus
494 1626 632 1708 Aloysius
648 1628 861 1707 Suffragcncus,
883 1630 934 1708 qui
956 1629 1072 1690 undem
1087 1626 1138 1688 21.
1154 1627 1294 1690 Februar.

192 1737 284 1802 1796.
304 1737 342 1800 cd
362 1753 519 1815 supernam
540 1737 675 1816 migrarit
696 1739 827 1814 patriam,
857 1735 1014 1814 triumphis
1033 1735 1178 1815 gloriosus
1198 1737 1297 1816 operi·

189 1845 306 1926 busque
324 1843 425 1918 bonis,
445 1843 578 1922 sepultus
599 1846 628 1906 in
649 1843 779 1906 Ecclesia
800 1842 1031 1922 Metropolitum.

252 1951 428 2016 observabit
456 1954 518 2014 sine
549 1949 637 2014 dubio
670 1951 820 2014 nobiscum
841 1951 946 2025 lector,
979 1953 1009 2012 in
1040 1953 1186 2031 superiori
1208 1951 1298 2016 docu-

189 2065 290 2126 mento
311 2060 516 2125 Coloniensem
532 2059 790 2139 Archiepiscopnm
811 2059 896 2121 titulo
907 2057 1138 2122 Ensinonu'sstmi
1154 2061 1296 2139 insigniri.

190 2169 237 2232 Ab
259 2187 296 2232 eo
317 2169 397 2260 enim
417 2173 566 2246 tempore,
596 2187 656 2248 quo
677 2167 811 2232 Urbanus
833 2167 912 2234 Vlll.
934 2168 1049 2230 decreto
1070 2167 1208 2246 singulari
1230 2169 1297 2248 dato
1399 2159 1400 2194 ³

191 2277 304 2340 decima
335 2276 406 2338 Julii
429 2274 521 2338 1636.
542 2276 572 2338 in
603 2275 783 2340 Consistorio
811 2281 942 2348 secreto,
974 2277 1246 2340 Reverendissimns
1268 2278 1296 2340 S·
1399 2353 1400 2362 ἵ

190 2385 277 2448 Rom.
306 2381 454 2446 Ecclesiae
481 2380 650 2444 Cardinales
679 2383 856 2462 Episcopus,
888 2381 1076 2464 Presbyteros
1104 2388 1133 2444 et
1154 2383 1297 2466 Diaconos

190 2494 248 2558 buc
267 2491 353 2554 tilulo
373 2486 758 2570 ornarit,'Arcbiepiscopus
780 2489 971 2565 Coloniensis,
991 2495 1141 2571 tamquam
1159 2489 1298 2554 Cardine·
1399 2513 1400 2520 ¹

190 2602 228 2666 lis
248 2601 305 2664 Tit.
326 2598 356 2662 S.
378 2599 498 2660 loannis
518 2601 584 2658 ante
611 2602 724 2676 portam
745 2597 877 2660 Latinam
898 2604 927 2660 et
948 2599 1073 2678 Legatos
1093 2603 1197 2676 natus,
1218 2601 1297 2663 bunc

191 2710 311 2778 titulum
329 2707 394 2788 jure
414 2709 518 2770 merito
546 2725 665 2786 quoque
691 2709 858 2786 assumpsit.
907 2707 963 2770 Cui
984 2727 1180 2773 veroeorum
1202 2713 1297 2788 primo

192 2824 223 2884 in
243 2819 366 2902 publicis
386 2815 585 2880 instrumentis
605 2813 652 2876 hic
673 2815 756 2878 datus
777 2814 865 2876 luerit
885 2815 998 2890 titulus,
1019 2818 1126 2878 nescio.
1169 2819 1298 2884 Sauain
1399 2815 1400 2822 '

193 2931 387 2994 instrumento
418 2924 618 2988 declarationis
653 2941 670 2984 a
701 2923 765 2984 Dno
802 2923 991 2986 Solemccker
1022 2929 1186 3006 conscripto
1222 2946 1297 2990 anno
1399 2929 1400 2992 l

194 3035 286 3102 1716.
306 3036 412 3098 dicitur
432 3032 676 3110 Archiepiscopus
695 3029 891 3094 Coloniensis:
921 3031 1231 3111 „Reverendissimus
1248 3037 1298 3099 Se·

193 3145 366 3212 reniseimus
388 3146 418 3204 61
437 3142 693 3204 Eminentissimus
712 3139 859 3222 tosepbus
879 3140 1015 3204 Clemens
1035 3122 1110 3204 etc‘t
1122 3144 1157 3220 1).

257 3255 326 3321 Post
346 3252 458 3316 obitum
479 3249 586 3312 alteluti
610 3247 707 3314 Caroli
736 3248 850 3328 Aloysii
880 3249 1077 3329 Myrinensis,
1106 3251 1135 3312 in
1165 3255 1298 3332 angustia

194 3370 377 3445 temporum,
406 3358 612 3424 Reverendiss.
635 3353 784 3418 Dominus
813 3356 1057 3436 Archiepisoopns
1082 3359 1299 3423 Maximilianus

194 3472 374 3546 Franciscus‚
396 3469 514 3532 Rvdum
534 3466 633 3526 Duum
655 3464 793 3528 Carolum
815 3463 996 3526 Clementem
1017 3465 1054 3526 de
1076 3465 1206 3541 Gruben‚
1228 3471 1299 3546 Epi-

194 3597 317 3660 scopum
327 3578 502 3652 Pariensenr,
523 3575 741 3654 Sullragancum
758 3591 845 3634 suurn
861 3572 1124 3654 osnabrugensem,
1146 3574 1300 3640 Coloniam

195 3689 309 3763 direxit,
331 3688 382 3768 qui
403 3685 459 3748 boc
479 3687 510 3746 in
532 3703 564 3746 se
574 3685 737 3760 suscipiens
756 3700 830 3762 opus
847 3683 990 3756 arduum.
1005 3683 1052 3744 die
1074 3683 1104 3746 3.
1125 3683 1195 3762 Maji
1208 3684 1299 3748 1796.

197 3795 334 3862 Coloniae
362 3795 477 3856 advenit
506 3797 535 3854 et
555 3810 572 3852 a
594 3791 624 3854 5.
646 3791 716 3870 Maji
735 3791 772 3854 ad
797 3790 846 3852 17.
867 3790 1041 3854 Novembris
1068 3790 1200 3870 ejusdem
1232 3795 1300 3856 anni

196 3909 227 3970 in
248 3901 359 3982 templo
379 3901 532 3964 Seminarii
553 3899 732 3964 Coloniensis
753 3899 926 3979 episcopalia
955 3899 1055 3962 munia
1075 3900 1171 3962 obivit.
1230 3900 1301 3962 Erat

197 4015 261 4096 ipse
281 4013 424 4076 Patientis
444 4010 608 4090 Episcopus
629 4009 793 4074 Canonicus
814 4028 932 4089 quoque
948 4007 1123 4086 Copitularis
1138 4007 1300 4076 Bonnensis

198 4128 228 4188 61
247 4119 472 4193 Fritzlariensis,
499 4118 718 4198 supervixitque
746 4117 989 4192 abominationem
1016 4116 1203 4182 desolationis
1225 4116 1298 4182 Ger·

235 4358 263 4426 1)
280 4357 395 4412 Foultou
410 4355 509 4410 litator.
527 4351 664 4408 Leodiens·
699 4355 774 4410 Tom.
792 4353 842 4408 111.
854 4351 920 4426 Jpsg.
937 4351 1000 4412 tdt.
