2832 4828
673 387 722 459 'ib

206 587 380 648 Laurentius
391 585 545 662 Fabritius,
568 583 764 666 Urdiogensis‚
785 585 837 648 SS.
853 579 1028 664 Theologiae
1045 583 1250 665 Doctor,⁴Epi·

143 709 251 774 scopus
273 693 464 774 Cyrenensis,
494 693 697 778 subiuganeus
719 693 820 757 Colon.
850 697 879 754 et
900 694 987 775 hujus
1013 693 1100 756 Aedis
1122 692 1248 756 Canoni-

141 819 197 866 cus
218 808 273 865 etc.
294 801 378 866 Obiit
398 801 449 864 SD.
470 803 542 865 tulii
564 801 658 866 MDC.
700 801 736 865 R.
760 803 784 865 l.
807 801 840 864 Ρ.

393 997 508 1058 XXIV.
549 993 727 1058 JOANNus
748 993 1001 1058 CYRENENSIS.

115 1123 120 1132 '
204 1125 331 1192 ioannes
358 1126 499 1209 Nupeliue
530 1126 577 1203 11,
609 1130 831 1208 Lipstadiensis‚
863 1129 915 1191 SS.
936 1127 1112 1209 'theologiae
1134 1130 1248 1204 Ductor,

140 1237 307 1302 Canonicus
329 1236 480 1318 presbyter
500 1236 590 1300 Aedis
619 1237 859 1318 Metropolitanus
887 1238 1026 1300 Coloniae
1048 1245 1077 1300 et
1097 1237 1198 1300 Pastor
1220 1237 1249 1301 S.

142 1346 321 1424 Columbae,
356 1347 385 1408 in
407 1347 601 1409 Laurentiano
631 1349 777 1426 quondam
799 1345 957 1428 Gymnasio
979 1347 1146 1422 Professor,
1174 1366 1249 1410 auno

144 1453 235 1518 1602.
256 1459 306 1519 die
326 1453 367 1518 X.
390 1455 488 1519 Martii
518 1474 571 1536 per
592 1455 738 1518 illustriss.
762 1455 920 1519 Dominum
942 1454 1145 1531 Coriolanum,
1176 1453 1248 1534 Epi-

139 1573 265 1646 scopum
288 1565 496 1640 Ausurcnsem,
518 1564 659 1626 Nuntium
671 1563 882 1644 apostolieum,
906 1569 1090 1626 consecratus
1111 1569 1154 1626 est
1177 1563 1249 1644 Epi-

139 1689 248 1755 scopus
259 1675 440 1756 Cyrenensis.
458 1675 586 1753 Scripsit,
608 1673 679 1736 dum
695 1676 774 1746 vixit,
793 1675 1003 1736 contessionem
1016 1673 1247 1740 Ambrosiauam.

137 1783 217 1846 Cum
246 1783 293 1845 die
319 1781 351 1846 S.
372 1786 491 1846 loannis
515 1783 725 1862 Evangelistae,
758 1788 824 1862 post
845 1785 1014 1844 concionem
1048 1783 1077 1842 in
1108 1782 1248 1844 Parochia

139 1892 279 1966 habitam,
301 1909 318 1954 a
339 1909 420 1954 sacro
440 1911 477 1953 ox
493 1888 715 1970 Metropolitum
728 1892 809 1953 Aede
827 1895 946 1954 domum
957 1891 1151 1962 contenderet,
1170 1889 1247 1969 apud

139 2004 263 2080 puteum
285 1995 359 2062 inira
380 2001 482 2062 turrim
502 1999 763 2079 metropolitanam,
787 2001 824 2061 ob
844 2002 921 2063 uiam
933 2000 1024 2078 glacie
1036 2001 1133 2061 attrita
1155 1999 1247 2060 lubria

138 2125 203 2172 cam
226 2109 381 2188 prolapsus
401 2127 418 2169 e
439 2109 529 2188 gradu
550 2110 580 2168 in
612 2109 761 2170 sinistrum
792 2108 881 2182 latus,
916 2109 1050 2169 dextrum
1079 2107 1184 2186 pedem
1216 2109 1246 2168 iu

137 2219 297 2280 coxendice
318 2216 416 2296 fregit,
439 2223 468 2278 et
490 2215 600 2278 decima
621 2217 725 2278 abhinc
746 2220 811 2292 die,
833 2235 893 2296 quo
913 2221 943 2278 et
959 2221 1043 2278 natus
1065 2215 1175 2288 iuerat,
1198 2237 1248 2280 ex·

137 2329 227 2390 cessit
247 2347 265 2388 e
286 2329 355 2388 vita.
377 2326 537 2404 ‘Sepultus
559 2330 603 2387 est
624 2327 653 2386 iu
676 2339 791 2417 summa
814 2323 895 2387 Aede
915 2330 981 2387 aute
999 2323 1148 2404 Capellam
1170 2324 1247 2387 Con·

139 2435 203 2496 radi
236 2433 455 2514 Arcbiepiscopi
485 2451 578 2514 prope
606 2433 658 2498 SS.
680 2440 740 2497 tres
762 2437 874 2514 Reges,
908 2435 959 2496 ubi
979 2435 1035 2497 boc
1057 2433 1119 2513 ejus
1141 2433 1247 2514 legitur

136 2543 342 2622 epitaphium:

203 2651 397 2726 „Reverendo
419 2653 449 2712 iu
465 2647 583 2715 Christo
595 2652 671 2714 Patri
680 2654 805 2715 Domino
826 2645 1071 2730 tonnuiNopelio
1092 2651 1247 2714 SSTheo·

140 2760 235 2838 legiae
257 2759 391 2836 Ductori,
413 2761 560 2841 Episcopo
582 2762 756 2842 Cyrenensi,
777 2762 995 2841 archiepiscopi
1016 2761 1118 2824 Coton.
1139 2761 1247 2824 Suffra-

138 2885 250 2948 gaueo,
272 2867 358 2948 huy‘us
379 2869 469 2930 Aedis
490 2869 636 2932 Canonico
657 2873 826 2950 presbytero
847 2877 876 2933 et
896 2873 924 2934 S.
948 2870 1107 2934 Columbae
1126 2870 1245 2946 Pastori,

140 2981 205 3040 viro
226 2981 348 3056 pietate,
375 2979 505 3040 doctrina
526 2981 661 3060 uitaeque
682 2983 844 3060 integritate
866 2983 1128 3060 praestantissimo,
1153 2980 1246 3043 amico

139 3090 174 3148 ut
194 3084 285 3160 tratri,
307 3085 431 3148 Jacobus
453 3087 593 3150 Hutterus
615 3089 732 3150 titulum
748 3089 826 3150 bunc
845 3094 874 3150 et
893 3089 1047 3162 tumulum,
1070 3090 1173 3151 eodem
1185 3089 1246 3167 ipse

138 3195 323 3266 condendus,
345 3197 468 3258 merenti
494 3215 628 3258 moerens
650 3195 682 3260 P.
726 3197 853 3260 Mortem
876 3197 946 3259 obiit
968 3199 1184 3258 immortalitate
1205 3197 1246 3257 di·

138 3322 215 3383 gnus
236 3323 312 3367 anno
334 3305 454 3368 MDCV.
476 3301 506 3366 8.
529 3307 599 3368 Idus
628 3307 761 3378 tanuen,
783 3307 853 3368 vixit
874 3325 965 3367 anuos
993 3308 1123 3384 praecise
1145 3303 1245 3379 LVll.,

136 3411 219 3475 diem
240 3418 351 3476 utnon
372 3416 553 3476 excederet.“

343 3672 345 3677 ,
372 3606 471 3668 XXV.
512 3605 750 3670 THEODORUS
772 3605 1024 3674 CYRENENSIS.

202 3739 373 3803 Theodorus
395 3739 524 3820 Ripban,
548 3738 750 3812 Novesieusis‚
772 3742 821 3805 SS.
838 3741 1012 3818 Theologiae
1033 3739 1158 3814 Decios,
1179 3733 1245 3801 illu·

137 3847 208 3910 stris
229 3851 265 3910 ad
282 3850 315 3909 D.
328 3849 493 3911 Gereouem
515 3867 551 3910 ex
568 3851 763 3911 nominatione
783 3853 890 3928 gratiae
901 3849 1073 3909 Academiae
1086 3847 1246 3910 Canonicus

138 3960 170 4016 et
189 3956 221 4020 S.
242 3953 391 4016 Laurentii
413 3955 521 4030 Pastor,
542 3959 588 4018 vir
609 3958 671 4018 sine
692 3957 774 4028 tastu,
797 3959 924 4037 antiquis
945 3957 1092 4030 moribus,
1115 3957 1195 4018 senio
1217 3961 1246 4016 et

138 4065 270 4126 decuma
290 4067 481 4138 venerandus,
503 4061 638 4143 Nopelio,
659 4059 743 4143 cujus
764 4069 795 4126 et
814 4067 935 4138 amicus,
960 4069 989 4124 et
1010 4065 1039 4123 in
1061 4067 1245 4142 promotione

137 4174 311 4237 Academica
333 4175 440 4235 sodalis
462 4171 565 4247 luerat,
586 4176 728 4251 geminus,
754 4178 937 4235 consecratus
959 4172 1054 4233 estin
1076 4172 1157 4234 Aede
1179 4172 1246 4233 Me-

136 4283 312 4362 tropolitana
331 4301 384 4361 per
399 4282 601 4344 Reuereudlss.
624 4281 659 4340 D.
677 4279 864 4342 Coriolanum
881 4275 1089 4351 busurensem,
1110 4280 1141 4342 S.
1157 4283 1193 4342 R.
1210 4283 1245 4342 E.

133 4391 281 4456 Nuntium
311 4407 379 4454 cum
408 4394 549 4470 potestate
570 4389 671 4471 Legati
691 4407 709 4455 a
729 4389 838 4467 latere,
874 4391 1037 4470 Episcopus
1059 4389 1243 4472 Cyrenensis,
