2832 4828
683 319 732 388 li'!

150 515 317 580 emunim
338 513 520 578 Antiocheno
535 517 570 592 ¹).
618 516 650 580 ls
669 519 767 594 spreta
787 513 911 590 saeculi,
932 529 1021 594 qnam
1043 531 1079 576 ex
1100 511 1258 592 majoribus

150 624 313 688 Comitihus
334 641 368 686 nc
387 623 519 686 Ducibus
539 628 705 702 acceperat,
727 621 825 702 gloria,
848 639 930 684 sacro
951 641 1017 684 sese
1038 622 1167 684 instituto
1188 620 1259 684 Can

150 734 316 795 melitenum
331 729 458 793 lamiliae
479 731 636 805 addixerat,
658 731 709 793 sed
731 733 761 792 in
782 749 833 805 ea,
856 731 926 792 dum
948 729 1039 791 latero
1060 729 1220 802 desiderat,
1241 747 1258 790 ιι

149 841 296 916 Domino,
317 839 461 902 exaltante
479 839 624 914 humiles,
646 839 738 902 allius·
754 837 897 902 evehitur.
946 837 1021 900 Nam
1042 842 1107 918 post
1130 837 1207 899 varia
1228 839 1257 898 in

152 949 265 1012 Ordine
285 951 402 1028 egregie
428 948 527 1010 iuncta
547 946 660 1022 officia,
690 966 768 1009 anno
795 946 885 1008 1399,
912 949 943 1008 in
973 946 1071 1008 locum
1102 945 1257 1024 supradicti

140 1056 313 1122 -Ererhardi
335 1058 372 1118 dc
397 1055 532 1136 bluisgon
552 1060 720 1134 assumptus
741 1059 785 1117 est
806 1056 842 1117 ab
863 1053 1093 1134 Archiepiscopo
1112 1053 1258 1117 Friderico

148 1170 180 1230 ia
202 1166 421 1245 suffraganeum
451 1183 504 1228 seu
533 1165 681 1228 vicarium
702 1166 732 1226 in
763 1161 980 1226 Pontificalibus
1010 1162 1174 1241 generalem
1202 1161 1257 1224 sub

148 1273 248 1338 Titulo
268 1272 426 1352 episcopali
455 1274 731 1352 Veoeoomponensi.
784 1272 817 1333 ln
839 1270 997 1332 Novembri
1030 1269 1161 1349 ejusdem
1190 1273 1258 1332 anni

148 1385 329 1446 consecravit
349 1379 488 1444 Coloniae
508 1379 702 1460 parochialem
713 1378 875 1442 Ecclesiam
896 1380 926 1442 S.
947 1379 1033 1458 Lupi,
1054 1383 1128 1440 teste
1149 1379 1258 1442 lamina
1299 1437 1302 1443 .

147 1492 276 1570 quadarn
298 1507 404 1568 cuprea
426 1493 456 1552 in
477 1507 546 1550 aere
565 1487 649 1563 lusa,
672 1490 702 1550 in
724 1489 799 1550 dicta
820 1487 949 1550 Ecclesia
970 1488 1007 1548 ad
1028 1487 1194 1550 columnam
1215 1485 1257 1548 al·

148 1598 218 1672 fixa,
239 1615 317 1678 quae
336 1599 378 1660 sic
390 1598 493 1662 habet:
515 1595 687 1673 „Universia
706 1594 815 1660 Christi
834 1596 968 1659 fidelihus
988 1601 1083 1676 pateat
1097 1597 1256 1672 evidenter,

147 1708 229 1786 quod
258 1706 333 1770 hanc
361 1707 524 1770 Ecclesiam
564 1707 594 1770 S.
627 1707 705 1786 Lupi
730 1706 803 1768 alias
828 1707 978 1768 ruinosam
1003 1705 1182 1773 honorabilia
1209 1707 1258 1767 vir
1323 1685 1325 1688 ⁵

148 1815 335 1879 Wilhelmus
353 1817 390 1876 de
410 1815 510 1878 Herna
531 1813 691 1878 honorifico
713 1813 863 1878 reformari
879 1815 962 1888 iecit,
982 1804 1072 1893 gnam
1089 1813 1254 1874 venerabil.

146 1923 236 1986 Pater
253 1930 282 1986 ct
299 1922 443 1986 llomions
460 1924 497 1984 l).
518 1922 679 1997 Conradus,
694 1923 978 2000 Venecomponensis
997 1923 1170 2000 Episcopus,
1185 1941 1255 1983 con-

146 2032 273 2096 secravit
289 2047 365 2094 anno
379 2031 497 2094 Domim
515 2029 732 2094 MCCCXClX.
748 2033 881 2110 proxima
894 2031 1045 2094 Dominica
1066 2034 1134 2093 ante
1148 2029 1256 2092 [astum

146 2141 270 2206 Sensim
286 2137 469 2215 Catharioae,
486 2139 568 2220 cujus
583 2140 770 2204 dedicationis
786 2140 892 2202 lactum
908 2139 1030 2218 cingulis
1050 2142 1135 2201 annis
1153 2139 1256 2201 eadem

147 2249 301 2312 Dominlca
321 2252 369 2312 est
388 2249 595 2328 peragendum,
616 2253 648 2310 ut
664 2247 770 2312 Christi
792 2247 903 2323 fideles,
924 2266 990 2310 eam
1011 2248 1116 2309 devote
1136 2249 1257 2310 visitan-

146 2363 203 2434 tes,
224 2357 420 2442 indulgentias
438 2357 546 2422 ibidem
566 2375 717 2420 concessas
739 2362 983 2438 consequantur.“
996 2391 1033 2404 -
1056 2355 1142 2418 Anno
1163 2354 1255 2420 scau.

146 2465 233 2528 Xlll.
253 2465 378 2530 Kalend.
398 2465 469 2546 Maji
489 2467 519 2528 in
540 2467 629 2528 domo
648 2466 783 2528 Fratrum
804 2466 834 2528 S.
857 2465 969 2541 Crucis,
1003 2463 1123 2527 Ordinis
1141 2463 1171 2526 E
1191 2464 1255 2526 Au·

144 2575 253 2653 gustini
274 2576 304 2636 in
326 2573 600 2638 Schwarzenhroich
624 2574 805 2648 „Coeradua
827 2576 1115 2652 Venecomponensis
1133 2573 1256 2650 Episco-

145 2701 213 2762 pus,
235 2681 416 2746 Coloniensis
437 2685 467 2744 in
488 2681 701 2745 Pontificalihus
722 2681 867 2757 Vicarins,
887 2683 1067 2744 consecrarit
1086 2679 1254 2742 inferiorem

145 2795 260 2871 partem
280 2791 429 2854 Ecclesiae
456 2809 489 2853 ac
520 2792 578 2854 duo
599 2791 744 2852 Altaria.“
788 2790 940 2852 hedificari
962 2807 1079 2870 quoque
1105 2787 1172 2850 lecit
1190 2790 1254 2850 suis

146 2903 282 2978 expensis
303 2899 448 2962 Sacellum
469 2899 612 2980 Deipsrae
632 2899 759 2978 Virginis
774 2897 912 2962 Coloniae
932 2901 963 2960 in
981 2897 1110 2960 Ecclesia
1125 2895 1254 2971 Ordinis,

146 3009 228 3088 qnod
248 3011 374 3087 ipsemet
391 3010 571 3072 consecrarit
591 3009 656 3085 ipso
678 3007 805 3087 Virginis
823 3009 1010 3070 immaculate
1031 3009 1186 3085 conceptae
1208 3023 1255 3068 sa-

146 3121 228 3178 crato
257 3117 317 3180 die.
341 3140 344 3150 ι
364 3117 504 3195 Sepultus
533 3121 578 3178 est
606 3113 745 3178 Coloniae
775 3117 853 3196 apud
885 3115 1072 3191 carnalitas,
1109 3113 1254 3196 habetque

142 3225 346 3305 epitaphium,
378 3226 458 3306 quod
484 3224 521 3287 ab
542 3244 600 3288 uno
621 3225 712 3286 latere
743 3228 942 3306 repraesentat
967 3224 1110 3305 aquilam,
1144 3223 1253 3284 Arens-

143 3335 333 3414 hcrgensium
360 3336 501 3396 connitum
533 3335 661 3412 insigne,
692 3333 728 3394 ah
756 3334 848 3396 altero
878 3353 949 3396 vero
969 3331 1162 3395 exsultantem
1191 3333 1254 3392 sine

144 3439 246 3504 fraeno
268 3441 400 3520 equitum
422 3440 547 3519 pullum,
568 3442 680 3520 insigne
700 3441 814 3503 Ducum
827 3439 1039 3519 Westphaliae,
1059 3457 1128 3500 oum
1148 3436 1252 3517 hujus·

145 3550 226 3614 modi
247 3549 385 3628 epitaphe
406 3553 494 3612 incisa
516 3551 590 3610 acri:
620 3547 871 3623 „bonohomini
893 3545 1184 3622 mdcccxxxln,
1206 3547 1254 3608 die

145 3657 250 3722 ultimo
272 3660 381 3722 mensis
402 3658 489 3731 Julii,
511 3658 582 3720 obiit
603 3657 750 3737 quondam
771 3659 806 3720 R.
828 3655 862 3719 P.
883 3663 913 3719 et
933 3658 1019 3720 Dum.
1041 3655 1078 3720 D.
1100 3655 1253 3720 Corradus

145 3766 185 3828 de
211 3765 379 3844 Arnsherg,
408 3765 462 3829 Dei
490 3765 581 3844 gratia
609 3765 773 3844 Episcopus
801 3765 1104 3846 Venecompcnensis,
1134 3763 1254 3827 Ordinis

145 3872 388 3948 Carmelitarum,
417 3873 621 3936 Revereudias.
649 3875 680 3933 in
712 3873 829 3936 Christo
860 3873 953 3938 Patris
974 3880 1003 3936 et
1023 3875 1141 3936 Domini
1157 3875 1254 3958 ¹nostri

145 3983 183 4044 Ι).
203 3981 376 4045 Theodorici
408 3983 444 4044 de
473 3981 587 4054 Mb'rsa,
618 3981 720 4042 eadem
751 3985 838 4061 gratia
868 3983 989 4046 Sanctee
1009 3982 1176 4045 Coloniens.
1196 3983 1254 4044 Ec·

144 4093 252 4154 clesiae
280 4089 518 4170 Archiepiscopi,
546 4091 576 4150 in
604 4087 818 4180 Pontiticalihus
848 4089 981 4153 Vicarius
1007 4087 1171 4166 Generalis,
1202 4089 1251 4182 hic

181 4300 210 4370 1)
228 4301 343 4368 Lepcim
360 4303 435 4356 Tom.
452 4300 503 4354 111.
521 4298 615 4353 Oriens
632 4297 754 4354 illustrat.
775 4310 833 4366 pac.
853 4297 930 4352 list.
