2832 4828
640 399 683 475 st

106 595 173 659 aliis
192 595 366 676 imperite¹)
388 595 498 658 traduci
511 643 519 671 ,
532 613 631 677 pauca
652 593 689 659 de
708 613 747 659 en
767 595 851 660 liceat
871 611 1019 670 asserere,
1051 613 1088 656 ex
1108 594 1217 674 quitus

107 709 194 786 inops
216 707 410 769 vendentium
438 705 654 785 Episcoporum
687 703 841 786 Catnlugus
869 705 960 783 possit
989 703 1154 777 emendari,
1185 706 1216 764 et

106 813 216 876 iamilia
237 814 470 876 Anciddioecesis
489 831 548 874 non
569 829 627 876 uua
657 812 806 876 illustrari.
856 813 963 874 Daniel
984 814 1019 874 ds
1045 809 1214 883 Wuuret,

106 927 171 986 sire
193 923 355 986 victoriaco
371 921 521 984 Dioecesis
537 920 719 984 Coloniensis
740 939 832 1002 prope
848 921 1027 995 Tolbiacum,
1042 917 1219 982 miraculosa

108 1049 143 1092 ac
168 1031 293 1092 'salutari
314 1030 454 1092 advorsus
480 1029 658 1092 Alemauuos
679 1029 819 1093 Clodorei
841 1032 875 1104 1.,
910 1029 1090 1092 Francorum
1118 1025 1215 1106 Regis,

106 1139 228 1201 victoria
260 1137 418 1218 inclytum,
450 1143 533 1216 patre
560 1139 720 1218 superioris
737 1133 922 1209 mauriaci,
953 1136 1030 1198 Oucr
1056 1153 1111 1198 seu
1139 1134 1217 1196 otr-

14 1319 16 1322 ,
113 1243 305 1320 Wicltcriclt,
327 1245 420 1308 oobili
438 1251 538 1323 natus,
562 1246 663 1309 habuit
691 1245 863 1309 Mathildem
884 1250 914 1308 et
934 1243 1050 1306 Dudum
1079 1259 1214 1317 sererent

105 1372 144 1414 ex
166 1351 220 1414 hac
240 1354 297 1415 orti
318 1357 387 1414 sunt
406 1353 501 1428 Guda,
522 1353 619 1416 lletna
639 1358 670 1416 et
684 1354 850 1418 Wernems
871 1355 907 1416 de
919 1352 1109 1426 Wichtericlr,
1130 1333 1215 1430 cujum

105 1479 184 1524 uxor
204 1461 383 1539 cunigundis
402 1479 457 1523 scu
478 1461 585 1524 Kunna
606 1463 760 1542 progenuit
789 1463 969 1527 wernerum
1000 1462 1036 1522 dc
1057 1458 1217 1522 0111111111·-

104 1569 208 1643 terich,
230 1569 413 1632 Bonnensem
434 1567 626 1645 Canonicumt
646 1570 742 1634 Metaa
762 1576 860 1633 autem
880 1575 971 1649 nupta
992 1567 1156 1632 liolmaouu
1172 1568 1215 1630 de
1318 1639 1321 1648 ⁴

104 1676 285 1753 Gcisbusclr,
316 1679 456 1741 aduocato
476 1682 506 1741 in
527 1680 710 1744 Wichterich
738 1683 769 1742 et
789 1682 916 1743 Domino
938 1683 968 1741 in
989 1677 1138 1752 Bolheim,
1162 1693 1216 1756 per

104 1787 252 1867 quendam
274 1805 293 1848 e
313 1791 437 1866 postoris
458 1790 519 1851 suis
547 1789 703 1852 haeredem
731 1791 891 1853 transmisit
919 1789 1089 1852 Dominium
1116 1787 1152 1846 ad
1172 1785 1216 1848 ia·

103 1898 218 1958 millam
239 1897 276 1958 de
297 1897 476 1976 Hcmposoh,
498 1917 625 1978 quorum
646 1917 735 1974 arms,
765 1915 837 1961 crux
859 1899 1011 1961 decussata
1032 1895 1118 1957 rubra
1141 1895 1214 1956 dcn-

103 2009 183 2076 tata,
204 2023 294 2067 aureo
314 2007 455 2085 insculpta
476 2007 595 2088 clypco,
624 2010 726 2070 eadem
748 2014 817 2070 sunt
837 2027 905 2070 cum
925 2004 1054 2068 Danielis
1074 2004 1212 2082 Episcopi

103 2115 212 2188 armis,
246 2129 320 2192 quae
348 2115 485 2177 calicibus
515 2115 776 2180 Victoriacemihus
804 2115 948 2196 insculpta
977 2115 1126 2185 visuntur,
1156 2112 1215 2174 rsisi
1321 2113 1326 2122 ‘

104 2225 186 2302 quod
207 2225 236 2284 in
257 2223 304 2286 his
325 2226 455 2286 cernitur
474 2226 561 2288 etiam
583 2227 790 2288 &conversaris
810 2225 889 2288 trabs
910 2227 1006 2304 nigra,
1034 2221 1120 2286 Cruci
1141 2221 1213 2282 sub-

103 2334 210 2404 strata,
242 2349 316 2411 quae
348 2331 420 2394 alias
449 2335 600 2395 omittitur.
652 2332 806 2396 Caeterum
828 2335 930 2395 Daniel
951 2332 1042 2412 probs
1062 2330 1213 2405 educatus,

47 2481 51 2490 ·
103 2440 354 2502 efflorescenlibus
374 2445 437 2502 tum
455 2442 515 2520 jam
527 2441 665 2504 Coloniae
687 2445 755 2522 post
775 2442 888 2504 Alberti
905 2441 947 2504 Μ.
965 2439 1214 2512 seulemstudus,
1300 2486 1302 2490 .

103 2549 208 2627 adjecit
227 2549 282 2610 sub
303 2567 413 2610 annum
434 2547 550 2612 Domini
574 2550 664 2612 13111).
686 2552 817 2612 animum
838 2552 874 2614 ad
899 2551 1068 2630 religiosam·
1083 2548 1215 2626 cumpri-

103 2660 161 2718 mis
182 2657 321 2720 iamiliam
351 2655 386 2718 B.
407 2655 520 2720 Mariae
537 2659 632 2738 ·Virg.
661 2659 711 2720 de⁴
730 2657 865 2722 Carmelo
894 2661 1043 2732 (11101111,
1074 2660 1107 2717 11
1126 2658 1156 2716 in
1177 2673 1213 2718 es

103 2769 256 2845 tantopere
285 2768 392 2827 virtute
413 2785 447 2828 ac
475 2767 604 2828 doctrina
632 2768 786 2839 excelluit,
816 2773 850 2829 ut
869 2769 945 2828 circa
965 2781 1074 2828 annum
1094 2765 1212 2826 Domini

104 2873 197 2937 1312
220 2876 249 2934 in
271 2874 439 2937 Coloniensi
460 2875 596 2938 Carmelo
615 2891 727 2937 sacram
748 2875 934 2956 Theologiam
959 2871 1161 2954 profiteretur,
1182 2876 1213 2934 et

102 3003 182 3046 anno
203 2983 335 3062 ejusdem
355 2982 465 3046 saeculi
487 2983 536 3046 15.
561 2987 590 3046 in
605 2983 749 3064 'Capitulo
770 2984 889 3047 Ordinis
917 2985 964 3046 sui
984 2982 1157 3046 Provincisli
1177 2997 1213 3044 ao

101 3091 251 3173 generali,
279 3109 337 3154 una
358 3091 511 3154 celebratis
530 3091 685 3165 Coloniae,
712 3095 861 3156 secundus
887 3092 1030 3156 Definitor
1048 3109 1119 3154 suae
1139 3090 1214 3154 Pro-

101 3203 216 3265 vinciae
237 3205 461 3264 renuntiaretur.
504 3203 550 3264 Et
564 3189 701 3281 quoniam
729 3221 852 3282 magnus
883 3205 966 3280 pater
995 3201 1211 3278 familias-pro·

101 3311 224 3390 perabat
234 3309 391 3384 lucernam,
402 3309 550 3390 praeclare
558 3312 588 3372 in
608 3311 697 3373 domo
716 3311 869 3382 lucentem,
880 3310 1084 3390 quopluribus
1093 3309 1211 3383 luceret,

101 3422 130 3480 io
153 3417 273 3480 sublimi
284 3419 436 3492 collocare,
458 3419 570 3492 accidit,
591 3422 624 3480 ut
642 3437 697 3498 per
711 3423 836 3480 mortem
857 3417 1019 3496 P.ltutgeri
1031 3415 1211 3489 Parisiensis,

100 3529 288 3590 Baooalaurei
310 3531 397 3606 atque
417 3527 608 3592 alemanniae
628 3529 781 3605 utriusque
808 3525 1012 3600 Prouincialis,
1044 3524 1126 3586 locus
1152 3543 1211 3586 nou

101 3637 200 3700 solum
221 3635 385 3714 splendori,
407 3635 459 3696 sad
480 3636 568 3697 etiam
589 3635 684 3698 ardori
706 3635 835 3698 Danielis
856 3638 1039 3714 opportunus
1060 3633 1212 3696 exhihere·

102 3753 170 3821 tur,
194 3749 224 3807 in
248 3765 307 3823 quo
327 3743 485 3806 collocatus
505 3745 634 3805 unanimi
656 3743 777 3804 iratrum
797 3761 917 3805 suorum
947 3754 1105 3816 consensu,
1136 3761 1212 3808 auno

102 3856 248 3934 sequenti,
266 3853 401 3914 videlieet
423 3851 523 3926 1316,
545 3853 575 3912 in
597 3851 1130 3932 11111311111111113111111111,
1157 3853 1212 3914 sub

102 3967 200 4026 tantae
222 3963 360 4023 nimirum
382 3961 484 4022 matris
505 3964 535 4020 et
556 3963 694 4038 patronae
717 3962 861 4039 auspicio,
888 3961 1065 4024 Provinciale
1091 3981 1212 4023 suorum

102 4070 267 4134 Concilium
289 4069 446 4131 Crucenaci
463 4070 569 4146 coegit,
592 4069 702 4147 inquo
724 4070 751 4130 ei
774 4074 888 4148 praesto
910 4069 991 4132 iuere
1009 4069 1153 4131 Hernicus
1173 4071 1212 4134 de

102 4179 256 4259 Bupardia,
267 4177 441 4256 'theologiae
455 4175 554 4252 lector,
574 4175 678 4240 Petrus
697 4176 906 4253 narianensis,
925 4165 1075 4240 Swikerus
1092 4177 1211 4241 Nurim-

140 4406 340 4476 3111101111
358 4403 497 4469 Metropoli
512 4409 540 4458 st
557 4409 625 4458 cast,
688 4371 692 4380 ⁴

961 4497 1012 4560 ,.
