2832 4828
730 364 754 432 2

191 551 285 616 haesit
304 553 475 618 {lectoribus
495 557 525 618 in
547 558 643 636 primo
662 559 829 626 Sacerdotio
853 565 1015 627 constitutis
1036 564 1183 644 pressius,
1204 580 1296 644 quam

192 681 298 727 nomen
320 661 475 736 Pontificio,
495 665 669 743 Sacerdotis,
691 671 770 750 quod
791 673 868 752 apud
892 674 1004 753 primos
1022 673 1232 754 Apostolorum
1251 671 1297 733 di-
1403 677 1404 686 ’

191 771 320 852 scipulos
342 775 390 863 vix
411 774 568 840 observare
583 779 665 853 licet,
683 797 754 842 cum
776 786 873 844 tamen
888 782 1025 846 Clemens
1046 783 1248 844 llomanusin
1270 781 1294 842 l.

190 879 228 943 ad
244 880 412 946 Corinthios
428 885 569 963 Epistola,
592 887 628 948 N.
644 886 693 948 42.
714 887 814 964 etet,
837 892 965 970 ignatius
987 891 1017 952 iu
1039 893 1100 953 suis
1121 889 1157 952 ad
1172 887 1295 968 Magne-

191 991 303 1064 sianos,
331 990 508 1068 Trallianos,
540 993 723 1078 smyrnaeos·
737 1001 766 1060 et
797 999 990 1080 Polycarpum
1018 999 1134 1078 saepius
1162 998 1207 1058 usi
1238 998 1295 1057 sint
1403 991 1404 996 ’

190 1100 309 1162 nomine
330 1097 478 1182 Episcopi.
521 1101 585 1166 lloc
605 1105 682 1167 idem
704 1105 854 1188 Polycarpi
877 1109 1037 1179 auditores,
1059 1111 1091 1168 ut
1113 1103 1295 1168 liamaolaius
1403 1145 1404 1196 l

190 1206 327 1299 uocem,
349 1208 494 1294 iuuant,
515 1213 679 1301 connais
700 1215 753 1288 tis,
775 1215 1048 1301 primiscriniis
1069 1215 1229 1290 doctum
1244 1231 1293 1276 ac-

189 1323 334 1397 ceperant,
356 1321 533 1383 tradiderunt
554 1323 581 1384 in
605 1319 796 1402 disciplinam,
818 1343 944 1404 quorum
957 1323 1053 1388 studia
1074 1321 1222 1398 aemulati,
1243 1325 1293 1404 qui
1339 1376 1343 1384 .

189 1425 326 1507 deinceps
347 1430 490 1504 riserunt,
513 1429 610 1493 Patres
632 1433 710 1493 idom
737 1432 938 1512 appellationis
958 1450 1050 1513 genus
1071 1435 1100 1495 ln
1122 1435 1220 1494 nostra
1243 1448 1293 1512 us<

189 1541 248 1617 due
269 1541 401 1630 ennon
422 1539 746 1632 derivarunt—Raro
758 1542 885 1622 quidem,
908 1542 996 1624 toque
1011 1539 1181 1620 humilitatis.
1197 1557 1293 1616 rause

188 1663 222 1707 se
231 1645 309 1726 ipsos
320 1645 480 1725 Apostolici
491 1649 544 1710 viri
561 1651 745 1729 nominarunt
760 1649 1053 1731 Episcopos3'semel
1075 1653 1153 1711 enim
1175 1649 1294 1712 id'iacit

190 1755 315 1836 ignatius
344 1755 440 1836 Epist.
469 1757 505 1819 ad
526 1757 668 1834 Roman,
688 1759 819 1824 scribens
838 1762 893 1824 iis:
923 1761 983 1834 „ln
1010 1762 1143 1832 caritate,
1170 1757 1293 1819 chorum

187 1866 411 1939 constituentes,
441 1868 549 1928 canatis
578 1865 655 1938 Patri
684 1869 718 1932 in
744 1867 859 1940 Christo
889 1871 976 1940 lesu,
1008 1869 1088 1948 quod
1120 1865 1294 1948 Episcopum

189 1971 295 2057 Sprim
315 1973 450 2054 dignatus
477 1973 565 2038 luerit
593 1976 672 2039 Deus
694 1979 723 2042 in
750 1976 908 2040 Occidente
940 1977 1081 2052 inveniri,
1109 1976 1145 2038 ab
1172 1975 1292 2038 Oriente

187 2082 391 2178 accersitumi‘
430 2082 568 2144 ltttamen
588 2083 691 2148 iidoles
711 2083 748 2147 ab
769 2103 806 2149 co
819 2091 959 2166 tempore
979 2103 1049 2148 sum
1064 2085 1221 2148 Ecclesiae
1234 2085 1292 2147 lle·

187 2195 283 2254 ctores
303 2196 518 2254 consueverunt
538 2190 733 2256 haereditario
753 2196 836 2274 quasi
857 2195 946 2258 modo
963 2193 1112 2274 appellare
1125 2191 1292 2275 Episcopos,

188 2303 265 2364 sicut
284 2299 477 2380 Smyrnenscs
489 2300 627 2364 lecerunt
656 2303 686 2364 in
706 2303 840 2384 Epistola
861 2303 898 2366 do
923 2303 1063 2386 Martyrio
1084 2305 1130 2366 sui
1152 2303 1294 2382 praesidis

188 2409 356 2490 Polycarpi,
380 2411 465 2489 „qul,
487 2414 520 2470 ut
539 2409 669 2473 scribunt
679 2407 714 2494 ²),
737 2414 843 2481 nostris
864 2413 1045 2492 temporibus
1066 2413 1243 2491 apostolicus
1264 2415 1293 2474 ei

190 2516 375 2598 propheticus
397 2501 506 2581 lloctdr
525 2519 641 2594 exstitit,
661 2525 750 2600 atque
769 2519 926 2584 catholicae
946 2522 1131 2603 smyrnensis
1144 2521 1293 2584 Ecclesiae

192 2627 393 2709 Episcopus“;
414 2627 908 2711 eilllennensesLugdunensesque
925 2633 954 2692 in
971 2647 1023 2694 sua
1042 2627 1294 2710 pariterllpistola

190 2737 227 2800 de
246 2735 388 2823 Martyrio
416 2732 547 2812 Pothini,
576 2739 652 2818 „qui
679 2737 886 2818 Episcopatum
903 2738 1119 2819 'Lugdunensis
1145 2737 1294 2800 Ecclesiae

189 2845 410 2922 administrarat,
432 2848 625 2928 nonagenario
646 2845 804 2931 major“⁸).
833 2847 928 2910 Immo
948 2845 985 2910 ab
1005 2849 1075 2927 ipsis
1085 2847 1216 2920 ethnici,
1233 2851 1293 2909 tam

186 2953 348 3036 judicibus,
369 2970 459 3036 quam
480 2955 626 3017 idolorum
647 2955 802 3030 ministris,
831 2955 1061 3020 Christianorum
1089 2957 1218 3037 cujusvis
1236 2957 1294 3018 Ee-

189 3065 294 3128 clesiae
321 3065 435 3146 primus
463 3064 596 3126 minister
623 3068 654 3126 et
674 3065 808 3128 sacerdos
835 3067 1061 3147 cognoscebatur
1087 3071 1118 3128 et
1144 3065 1295 3128 dicebatur

189 3175 364 3256 Episcopus,
385 3173 631 3255 quemadmodum
653 3191 689 3236 er
711 3171 872 3255 llartyrum
894 3175 975 3238 lictis
995 3174 1097 3256 liquat,
1118 3175 1157 3237 iia
1178 3179 1212 3236 ut
1232 3177 1294 3253 pri·-

190 3277 390 3346 mls'saecolis
418 3281 474 3344 hoc
494 3299 601 3344 nomen
628 3281 706 3362 apud
725 3277 902 3347 'domesticos
923 3287 1088 3348 etenteros
1109 3285 1293 3347 notissimum
1335 3296 1342 3316 ·

189 3396 276 3476 esset
328 3392 399 3456 lnde
420 3392 508 3453 etlam
529 3403 595 3452 mos
616 3392 728 3466 evenit,
751 3397 783 3454 ut
804 3391 941 3478 Episcopi
963 3394 992 3454 ln
1013 3393 1169 3472 Epistolis,
1188 3393 1293 3454 autin
1405 3457 1406 3462 ,

190 3499 313 3581 publicis
340 3499 536 3563 m‘onnmentis
563 3503 594 3560 et
614 3496 811 3563 conciliorum
839 3503 924 3576 actis,
955 3503 1000 3564 sni
1027 3501 1150 3565 Ordinis
1173 3501 1293 3564 Sodalcs

190 3607 374 3694 coepiscopos
394 3607 567 3682 salutarent,
589 3621 715 3687 quorum
741 3609 875 3688 exempla
892 3611 1021 3673 invenire
1038 3612 1106 3674 licet
1127 3611 1155 3672 in
1169 3611 1292 3690 Epistol.

189 3718 218 3782 S.
235 3713 372 3798 Cypriani
388 3715 438 3778 52.
461 3717 521 3778 edit
539 3715 675 3792 linurin,
695 3721 724 3780 ln
746 3717 886 3808 Epistolis
907 3719 956 3781 to.
976 3724 1006 3782 et
1026 3717 1077 3781 22.
1097 3719 1292 3784 innocentiil.

189 3827 258 3890 e'dit.
274 3825 433 3898 Constant,
455 3841 580 3907 quorum
603 3828 817 3910 Episcopornnr
840 3829 869 3890 in
890 3839 1008 3908 gregem
1029 3828 1084 3890 sibi
1105 3831 1292 3908 assignatum,

189 3937 240 4019 qul
262 3933 436 4018 quibusdam
457 3935 681 3999 circumcinctus
697 3941 761 4000 erat
782 3935 937 4011 limitibus,
959 3935 1132 4001 ordinariam
1153 3955 1190 3998 er
1211 3937 1294 4000 insti·

201 4211 204 4218 ·
225 4189 254 4254 1)
269 4188 425 4256 Audpuupt
441 4185 513 4244 cur.
531 4188 579 4244 lv.
597 4201 654 4258 pap,
676 4185 737 4244 ³08.
932 4229 937 4236 -

225 4285 252 4347 2)
270 4284 349 4352 Apud
365 4286 494 4350 limacis.
511 4283 579 4352 Acta
597 4285 752 4354 tiamprpm,
769 4285 844 4350 Tum.
863 4285 882 4342 ι
901 4285 964 4345 adit.
981 4284 1095 4352 Geluraa
1111 4287 1144 4354 li,
1162 4283 1204 4344 td·

224 4380 252 4446 ³)
269 4380 348 4449 Apud
365 4381 492 4436 unsara
511 4381 542 4436 lt.
561 4380 587 4434 2
892 4411 898 4420 ·
