2832 4828
672 354 721 426 la

143 561 346 640 praesentibus
369 552 506 621 duximus
534 558 747 638 apponendum.
789 557 896 620 Datum
920 575 1000 620 anno
1013 557 1128 620 Domini
1151 555 1251 618 mille·

120 671 220 736 ¹simo
243 670 448 730 trecentesimo
469 670 598 741 decimo,
627 667 696 728 ieria
722 669 803 727 serta
830 670 896 744 post
920 665 1027 727 festum
1046 665 1121 726 beati
1140 662 1253 724 Nicolai

143 779 313 856 Episcopi.“
343 777 424 838 Idem
443 793 561 855 quoque
579 775 689 836 Altaria
707 775 884 836 consecrarit
903 775 933 835 in
949 775 1081 836 Ecclesia
1094 773 1252 851 Collegiata

145 885 177 947 S.
204 885 340 947 Andreae
366 883 468 946 Colon.
496 889 525 944 el
551 883 768 944 Dedicationem
789 883 891 960 templi
916 881 1086 960 Campensis
1113 880 1254 942 Abbatiae

143 993 307 1065 transtulit,
331 995 373 1053 uti
399 1011 523 1070 sequens
550 1011 588 1052 ex
607 989 744 1068 Catalogo
762 989 908 1051 Abbatum
933 989 1142 1068 Campensium
1169 993 1252 1050 eruta

143 1103 246 1164 notitia
263 1101 364 1162 habet:
408 1099 475 1174 „Ob
502 1101 643 1178 agrestem
670 1101 843 1158 rusticorum
869 1097 1071 1168 insolentiam,
1094 1097 1173 1171 lites,
1192 1098 1251 1156 im-

145 1213 352 1290 portunitatem
373 1212 459 1288 atque
480 1207 645 1280 homicidia,
669 1205 770 1285 templi
786 1205 957 1283 Campensis
974 1207 1195 1280 dedicationem,
1216 1207 1253 1268 ll.

146 1317 218 1381 ldus
232 1319 393 1397 Septembr.
411 1319 564 1396 quotannis
589 1316 704 1377 solitam
729 1316 885 1390 celebrari,
910 1313 1089 1377 Venerabilis
1107 1313 1251 1376 Dominus
1323 1339 1327 1346 ·

144 1431 282 1501 loannes,
306 1425 492 1502 Scopulensis
514 1425 686 1502 Episcopus,
714 1425 742 1484 in
763 1432 873 1484 sacram
898 1424 1091 1502 Epiphaniam
1113 1422 1253 1501 Ogdoada

144 1534 314 1612 (Octavam)
334 1532 482 1595 transtulit
505 1527 637 1610 tempore
653 1531 774 1594 Arnoldi
791 1533 996 1606 Zittardensis‚
1023 1531 1117 1608 quinti
1145 1530 1252 1590 decimi
1370 1525 1372 1529 ’

142 1643 266 1714 Abbatis
292 1641 478 1719 Campensis,
506 1640 588 1701 electi
611 1657 686 1700 anno
711 1639 812 1712 1298..
832 1643 941 1720 quique
963 1639 1014 1704 DE.
1036 1640 1118 1700 annis
1136 1657 1252 1716 praese-

144 1754 218 1814 dil.“
236 1787 275 1796 —
292 1751 427 1813 Mortuus
444 1756 489 1812 est
507 1754 605 1812 autem
630 1751 707 1811 idem
728 1752 853 1812 mannes
868 1749 1005 1812 Coloniae
1023 1753 1053 1810 et
1067 1750 1145 1827 apud
1161 1748 1250 1808 Prae·

145 1863 287 1924 dicatores
305 1860 445 1940 sepultus,
461 1879 506 1935 eo,
524 1861 602 1940 quod
619 1861 759 1938 sequitur,
778 1861 916 1940 inscripto
937 1859 1112 1938 Epitaphio:
1139 1858 1250 1932 „Anno

143 1971 264 2032 Domini
282 1967 485 2043 dcccxxi,
510 1967 724 2031 XVl.Kalend.
742 1967 911 2043 Novembr,
936 1968 1007 2030 obiit
1024 1967 1246 2030 Reverendissi-

145 2099 214 2142 mus
239 2081 384 2141 Dominus
403 2081 530 2141 loannes
558 2079 595 2138 de
621 2077 807 2152 Constantia,
832 2078 995 2156 Episcopus
1023 2077 1218 2157 Scopulensis.
1234 2081 1252 2112 “

102 2253 104 2262 ,
142 2188 286 2267 Ejusdem
314 2189 456 2249 memoria
481 2189 615 2246 annotata
643 2189 687 2246 est
715 2187 743 2245 in
768 2184 949 2264 sigbergensi
974 2183 1145 2264 Necrologio
1168 2185 1248 2246 hisce

142 2297 259 2359 verbis:
290 2297 441 2372 „ioannes
459 2296 552 2357 bonae
575 2297 734 2356 memoriae
751 2294 897 2373 quondam
910 2295 1109 2372 -Scopulensis
1129 2293 1254 2372 Episco-

143 2423 220 2484 pus,
242 2406 279 2467 de
297 2407 379 2484 cujus
399 2405 594 2466 anniversario
613 2403 718 2465 daniui
740 2401 788 2462 1l.
810 2403 920 2466 maldra
937 2403 1058 2482 siliginis
1079 2404 1115 2464 de
1139 2402 1253 2465 molen·

145 2515 218 2577 dino
241 2517 270 2576 in
286 2514 536 2577 Odelluchoven.'‘

440 2704 492 2769 IV.
533 2702 710 2766 JOhNNES
730 2703 962 2768 SCOPIENSlS.

211 2837 281 2900 Mox
303 2839 376 2900 alter
393 2841 531 2900 successit
548 2841 675 2900 loannes
695 2859 732 2902 ex
752 2839 863 2901 Ordine
877 2839 907 2900 8.
922 2837 1075 2912 Francisci,
1089 2837 1253 2915 Episcopus

146 2948 298 3009 ordinatus
316 2947 490 3024 Scopiensis‚
512 2951 574 3009 sive
597 2948 759 3026 Scuporum
779 2943 899 3033 (Uscup)
922 2950 951 3007 in
971 2947 1129 3022 Dardania,
1148 2947 1252 3008 Daciae

145 3053 324 3116 Esarchatu.
367 3055 411 3115 De
434 3055 490 3116 hoc
515 3061 671 3135 sequentes
692 3053 867 3133 proferimus
887 3058 1106 3134 inscriptiones:
1135 3055 1248 3130 „Anno

145 3162 265 3224 Domini
285 3159 510 3226 MCCCXXIX.
527 3165 556 3223 in
575 3164 622 3225 die
638 3158 668 3226 s:
688 3163 784 3225 Lucae
806 3171 991 3227 consecratur
1011 3164 1110 3225 hilare
1131 3166 1160 3224 in
1177 3163 1255 3225 Gre-

145 3269 314 3343 renbroich,
331 3273 360 3331 iu
378 3270 518 3332 honorem
534 3272 583 3334 SS.
599 3273 718 3333 loannis
737 3273 948 3352 Evangelista'e,
969 3271 1087 3351 Georgii
1106 3272 1253 3351 Martyris,

145 3377 322 3456 Margaritae
349 3384 378 3440 et
401 3377 544 3440 Barbarae
571 3381 668 3458 Virg,
688 3383 718 3441 et
741 3381 771 3440 in
793 3381 923 3460 quolibet
941 3381 1014 3442 iesto
1039 3379 1254 3458 praedictorum

145 3487 321 3549 Sanctorum
340 3485 390 3548 io.
412 3489 656 3568 indulgentiarum
675 3491 736 3551 dies
759 3494 992 3569 promerentur.“
1023 3491 1067 3552 lta
1086 3489 1163 3568 apud
1183 3489 1254 3550 lon-

146 3595 277 3675 golinum
297 3596 360 3658 libr.
381 3598 418 3663 ll.
442 3615 506 3676 pag.
530 3595 580 3660 iu.
624 3599 739 3661 Cerlius
761 3601 798 3660 de
813 3601 915 3660 eodem
941 3604 1001 3674 est,
1024 3601 1102 3679 quod
1121 3600 1255 3678 sequitur

145 3709 370 3766 monumentum
389 3725 424 3766 ex
442 3707 518 3768 dicto
530 3707 681 3786 longeliuo
702 3708 765 3769 libr.
785 3707 824 3770 Il.
844 3707 946 3770 Abbat.
963 3709 1082 3770 Cisterc.
1102 3727 1166 3788 pag.
1186 3707 1254 3770 loc
1290 3739 1297 3748 ’

146 3813 269 3890 „Frater
281 3817 298 3876 J
301 3826 417 3888 oannes,
431 3815 486 3876 Dei
499 3821 527 3877 et
540 3798 724 3894 Apostolieae
735 3817 818 3880 Sedis
829 3821 920 3896 gratia
935 3819 1100 3898 Episcopus
1115 3818 1254 3898 Scopien·

146 3926 196 3996 sis,
216 3923 397 3984 Venerabilis
415 3923 507 3986 Patris
528 3923 648 3986 Domini
671 3929 761 3988 nostri
778 3926 997 4008 Archiepiscopi
1017 3928 1198 3990 Coloniensis
1223 3929 1253 3988 in

145 4031 363 4094 Pontificalibus
377 4038 406 4094 et
422 4033 625 4112 Spiritualibus
644 4052 696 4112 per
713 4036 858 4099 civitatem
876 4042 905 4098 et
918 4019 1081 4098 Dioec'esim
1096 4034 1253 4097 Colonien-

145 4161 208 4204 sem
226 4144 305 4204 vices
326 4163 439 4222 gerens.
471 4143 516 4204 Ad
535 4145 741 4206 universorum
761 4142 868 4206 Christi
888 4143 1019 4205 fidelium
1035 4147 1175 4217 notitiam,
1197 4143 1253 4206 hoc

145 4269 283 4331 praesens
305 4253 443 4329 scriptum
469 4252 661 4327 intuentium,
680 4243 815 4332 cupimus
844 4235 1013 4332 peruenire,
1044 4254 1121 4332 quod
1144 4252 1252 4316 leslum

146 4344 335 4420 dedicationis
352 4358 478 4420 Claustri
497 4361 527 4420 in
555 4357 684 4440 Brugge,
704 4359 822 4422 Ordinis
844 4360 873 4421 S.
895 4360 1069 4437 Wilhelmi,
1093 4364 1173 4441 quod
1188 4362 1252 4424 lieri
