2832 4828
637 315 705 386 tot

185 517 271 592 „Noa
289 516 438 580 Ecclesiae
466 514 715 594 Metropolitanae
734 511 837 576 Colon
865 510 1066 591 Praepositae,
1093 505 1226 572 llecauua

123 629 152 686 et
164 623 303 688 Carioniei
321 623 504 704 Capitulares
530 622 752 686 Venerabilibus
772 621 942 700 dilectisque
959 617 1041 682 nobis
1054 617 1083 678 in
1101 614 1226 690 Christo,

121 731 270 794 Ecclesiae
297 731 471 810 collegiatae
494 730 738 810 Aquisgranensis
760 728 912 808 Capitulo,
934 727 1056 789 Decanis
1074 722 1226 800 ruralibus,

120 839 258 904 Parocbis
274 841 470 918 universoque
486 837 717 902 Arebidioecesis
741 836 923 900 Coloniensis
949 834 1035 898 Clero
1052 833 1180 896 Salutem
1196 832 1227 891 in

120 947 262 1010 Dominol
286 945 473 1009 Gravissimis
494 967 534 1009 en
555 949 665 1016 causis,
687 945 875 1020 venerabiles
895 943 1015 1020 iratres,
1033 940 1227 1006 Revereudis—

121 1056 216 1116 simus
244 1054 489 1134 Arcbiepiscopus
512 1061 610 1118 noster
640 1053 769 1116 Clemens
791 1053 949 1134 depastos,
982 1052 1071 1113 Liber
1094 1049 1169 1112 Baro
1191 1048 1228 1110 de

121 1164 228 1226 Droste
247 1164 429 1244 Viscbering,
452 1164 566 1243 lougius
591 1168 636 1226 est
652 1183 689 1225 ex
703 1162 918 1224 Archidioeeeai
939 1161 1096 1252 abductus,
1123 1161 1153 1218 et
1170 1156 1230 1230 ille,

123 1275 280 1351 quominus
304 1273 466 1334 Ecclesiam
487 1290 571 1334 suam
590 1268 821 1345 administraret,
847 1270 1012 1350 impeditus.
1055 1264 1152 1340 Quare
1171 1264 1230 1344 jam

125 1377 236 1461 (quum
258 1382 343 1442 sedes
364 1380 626 1459 brebiepiscopalis
647 1381 730 1460 quasi
752 1377 854 1462 vacet)
876 1398 912 1440 ex
930 1378 1002 1456 juris
1031 1377 1060 1436 in
1082 1373 1170 1452 Cap:
1194 1371 1232 1434 St

123 1468 281 1569 episcopan.
324 1488 352 1550 3.
374 1491 411 1552 de
434 1489 588 1568 Supplend.
615 1489 764 1568 neptiqent.
792 1487 954 1564 stoelotor.
985 1485 1026 1567 (l,
1048 1482 1098 1562 8.)
1121 1484 1228 1544 consti·

124 1599 185 1655 tuta
208 1614 310 1657 norma
338 1642 356 1672 „
366 1595 549 1676 Capitulum,
580 1614 613 1657 ao
639 1597 664 1658 ei
690 1596 781 1658 Sedes
812 1614 866 1676 per
889 1597 1013 1656 mortem
1042 1594 1174 1666 vacaret,
1200 1593 1230 1652 in

55 1753 56 1756 ,
123 1703 331 1782 spiritualibus
359 1710 387 1766 et
415 1703 623 1784 temporalibus
648 1703 812 1766 ministrare
841 1701 963 1764 debet.“
1016 1698 1112 1775 Quam
1133 1701 1232 1778 itaque

124 1811 403 1874 administrationem
424 1812 512 1875 bodie
533 1831 588 1874 nos
608 1814 787 1891 suscepisse,
813 1811 895 1874 robis
916 1808 1126 1890 significamus,
1147 1826 1232 1870 man·

124 1919 243 1994 dantes,
270 1925 304 1982 ut
334 1921 371 1982 de
397 1921 519 2000 singulis
547 1921 670 1999 negotiis
696 1919 898 1982 ecclesiasticis
925 1919 1042 1998 agendis
1064 1917 1174 1980 litteras
1195 1917 1233 1979 atl

126 2045 178 2088 uos
200 2029 294 2103 detis,
325 2029 418 2090 donec
436 2028 515 2090 aliud
538 2027 608 2106 quid
629 2027 789 2090 secundum
811 2027 890 2108 leges
910 2026 1118 2089 ecclesiasticas
1147 2025 1231 2088 robis

124 2134 214 2196 inerit
241 2139 448 2215 praeceptum:
488 2135 534 2228 ,⁰⁶
563 2140 623 2197 tota
650 2153 736 2198 causa
767 2139 969 2215 praesentique
1000 2133 1233 2196 Arcbidioecesia

125 2243 290 2330 conditione
311 2247 426 2316 statim,
447 2247 480 2304 ut
506 2243 589 2305 decet
607 2247 637 2304 et
655 2261 671 2304 a
691 2242 755 2322 jure
778 2242 962 2324 praefinitum
983 2247 1043 2317 est,
1067 2242 1185 2304 uberius
1202 2247 1233 2305 et

126 2351 290 2430 diligentius
314 2353 350 2412 ad
371 2351 401 2413 S.
424 2351 531 2412 Sedem
556 2350 771 2428 Apostolicam,
793 2353 875 2432 cujus
890 2353 1011 2414 interest
1034 2350 1233 2414 Ecclesiarum
1278 2397 1279 2402 η
1317 2421 1318 2425 ¹

122 2459 278 2548 prouidere
299 2459 539 2534 necessitatibus,
568 2458 744 2533 referemus,
777 2477 903 2540 eamque
928 2459 1093 2524 humillime
1118 2460 1233 2539 rogabi-

122 2585 209 2642 mus,
231 2572 264 2628 ut
282 2566 366 2627 nobis
395 2545 526 2628 consulat
550 2571 594 2640 et,
617 2584 691 2645 quae
715 2567 770 2628 sibi
793 2569 960 2642 videantur,
982 2568 1105 2630 ordinet.
1148 2567 1233 2630 Man-

123 2674 190 2735 data
212 2674 381 2752 Apostolica
405 2673 487 2736 brevi
514 2674 596 2736 nobis
616 2679 701 2736 erunt
725 2675 804 2750 data,
828 2680 916 2754 atque
938 2693 973 2738 ea
1004 2675 1086 2739 vobis
1115 2679 1235 2753 pariter,

121 2781 226 2844 iratres
258 2782 418 2846 carissimil
460 2782 567 2860 quietis
605 2780 820 2861 fidentibusque
855 2783 960 2846 animis
990 2799 1047 2844 una
1079 2782 1231 2845 nobiscum

123 2892 313 2966 exspectetis,
343 2891 373 2950 io
402 2888 528 2952 Domino
553 2888 725 2966 hortamur,
752 2895 782 2952 et
807 2891 1017 2969 circumspecto
1038 2887 1232 2970 prudentique

123 2995 245 3060 consilio
277 3014 332 3074 pro
363 3015 463 3060 amore
493 2995 547 3058 Dei
580 3000 703 3070 curetis,
740 3017 778 3060 ne
810 2999 880 3078 quid
908 2997 1057 3062 Ecclesiae
1084 2998 1232 3078 rebusque

123 3103 250 3184 publicis
277 3106 442 3169 detrimenti
471 3107 595 3180 oriatur,
624 3123 698 3167 nesae
722 3104 852 3168 fidelium
872 3106 962 3166 animi
991 3108 1152 3168 excitentur
1180 3103 1230 3167 rel

123 3213 323 3274 sollicitentur.
378 3213 517 3276 Coloniae
552 3211 603 3274 21.
635 3213 813 3276 Novembris
837 3212 927 3274 1837.
952 3212 1077 3274 Nomine
1102 3211 1229 3290 Capituli

122 3315 308 3398 Praepositus
328 3312 450 3383 Carolus
474 3320 664 3396 Adelbertus,
683 3321 772 3398 Liber
796 3321 873 3384 Baro
903 3321 940 3382 de
959 3321 1070 3404 beyer,
1097 3319 1230 3384 vicarius

97 3465 99 3469 ,
123 3427 155 3487 in
176 3425 389 3490 Pontificalibus
410 3429 568 3492 Generalis.
579 3435 597 3464 “

187 3534 283 3610 Quam
312 3553 409 3598 aorem
439 3535 512 3599 baec
540 3553 625 3598 causa
648 3539 848 3620 provocaverit
868 3536 1074 3600 Litteraiorum
1093 3552 1229 3616 pugnam,

124 3659 211 3719 quam
239 3641 362 3704 moleste
389 3661 453 3704 eam
487 3643 586 3705 tulerit
610 3644 816 3707 sanctissimus
841 3645 940 3720 Pater,
980 3645 1123 3706 Dominus
1152 3643 1230 3722 Papa

124 3744 282 3828 Gregorius
300 3749 393 3825 XVl.,
417 3756 548 3814 nostrum
570 3770 627 3813 non
651 3758 712 3828 est,
734 3751 781 3814 bio
801 3771 971 3832 recoquere.
1015 3753 1093 3832 Vixit
1107 3752 1230 3816 Carolus

122 3856 299 3918 Adelbertus
319 3858 416 3932 diem,
442 3878 498 3939 qua
517 3859 640 3940 publicis
663 3859 843 3922 documentis
865 3863 1002 3942 regioque
1023 3863 1137 3939 Scripto
1161 3879 1229 3921 con·

123 3969 225 4029 testata
253 3969 299 4026 est
323 3967 568 4031 Reverendissimi
593 3967 826 4047 Archipraesulis
853 3967 1013 4032 Clementis
1041 3968 1165 4046 Augusti
1183 3969 1229 4028 in·

124 4076 256 4136 nocentia
283 4078 312 4135 et
338 4076 662 4158 integritas„riditque
692 4078 918 4140 admirabundus
948 4094 1037 4138 senex
1063 4077 1230 4154 ingressum

123 4179 219 4261 angeli
253 4185 350 4261 pacis,
389 4181 570 4265 Coadjutoris
596 4189 627 4248 et
654 4185 872 4268 Arebiepiscopi
898 4185 1145 4250 Reverendissimi
1170 4184 1227 4248 unt
