2832 4828
741 383 788 456 et

207 580 272 640 slve
296 577 442 644 Cnronlae
463 581 493 640 in
513 577 631 642 Prosda
651 582 843 661 Episcopum,
876 579 990 653 nescio.
1012 599 1070 662 qua
1091 581 1132 642 de
1149 585 1243 642 causa
1262 577 1320 641 Co·

208 686 303 749 lonico
329 693 400 750 tunc
426 687 569 750 exsulem.
611 689 655 750 lle
675 707 712 752 eo
738 689 827 752 refert
849 689 1004 768 catalogus
1032 688 1180 751 Abbnturn
1205 686 1319 748 Alden-

207 795 392 874 bergensinm
414 794 469 858 sub
483 794 595 858 Abbnte
616 797 727 859 Jcnnne
748 797 1053 878 deSohalserenburg,
1075 798 1126 876 qni
1149 800 1196 858 est
1217 797 1319 858 ordine

207 903 349 965 XXVlll.
372 903 487 980 Abbas,
510 921 547 980 „e
567 903 630 967 Deo
651 906 806 968 excitatum
828 925 893 970 esse
914 905 1055 986 Spiritum
1069 904 1320 968 Reverendissimi

206 1013 299 1074 Petris
315 1011 494 1088 Wichboldi,
506 1015 645 1092 Episcopi
662 1016 810 1094 quondum
821 1014 996 1090 dulmensis,
1012 1019 1046 1076 ut
1063 1014 1201 1076 labricom
1215 1011 1320 1091 templi

206 1120 451 1200 Aldenbergensis
479 1117 669 1200 perliceret“
724 1121 782 1184 Sed
812 1127 843 1185 et
873 1121 1038 1209 pontificale
1068 1137 1178 1184 munus
1209 1118 1320 1182 obiisse

207 1227 346 1292 discimus
366 1247 403 1291 er
424 1233 621 1292 monumentis
642 1229 944 1310 Aldenbergensibus‚
965 1250 981 1294 r
1002 1233 1076 1294 lter.
1098 1230 1230 1309 Cesparo
1250 1231 1321 1292 Jon-

206 1338 302 1416 gelino
323 1341 534 1402 studiosissime
554 1341 725 1418 conscriptis
753 1358 787 1402 ac
807 1339 947 1402 Coloniae
969 1321 1185 1402 iettensis:
1215 1337 1320 1413 „Cum

205 1450 281 1509 circa
312 1465 422 1510 annum
452 1448 569 1512 Domini
602 1447 855 1512 MCCCLXXIX.
893 1451 1094 1512 nonsummum
1122 1447 1226 1510 luisset
1257 1463 1321 1508 mo-

206 1560 324 1618 nasterii
353 1555 596 1635 llldeubergensis
622 1555 769 1628 Eccleda,
798 1557 927 1619 dedicata
957 1562 1001 1620 est
1028 1558 1059 1618 in
1087 1556 1232 1618 honorem
1256 1555 1319 1630 Dei,

104 1679 107 1685 ·
206 1664 319 1744 Deiqne
329 1664 485 1727 Genitrieis
496 1666 699 1728 Sanctissimae
718 1667 845 1745 Virginis
860 1667 979 1738 Mariae,
1001 1671 1031 1728 et
1043 1666 1095 1728 SS.
1107 1663 1319 1728 Conlessorum

208 1771 357 1836 Benedicti
378 1779 408 1835 et
431 1773 571 1835 Bernardi
588 1771 749 1845 Abbntum,
772 1774 1002 1854 sanctarumque
1023 1773 1079 1836 Xl.
1102 1773 1231 1834 millium
1252 1773 1319 1836 Vir·

207 1885 324 1962 ginon,
346 1903 399 1963 per
419 1881 577 1944 Dominum
598 1881 908 1957 Wichboldum,'l)ei
930 1885 1019 1962 gratia
1039 1882 1222 1961 Episcopum
1246 1882 1318 1944 Cul-

207 2009 347 2064 mensem,
369 2011 406 2054 ex
426 1991 633 2053 commissione
647 1989 827 2052 Venerabilis
850 1993 879 2052 in
901 1989 1018 2054 Christo
1036 1990 1129 2052 Patris
1151 1993 1181 2050 et
1199 1989 1318 2051 Domini

206 2102 354 2176 Eriderici,
366 2100 584 2179 Archiepiscopi
600 2098 792 2175 coloniensis,
810 2099 943 2178 proxima
960 2101 1110 2162 Dominica
1125 2103 1193 2178 post
1210 2100 1317 2161 testum
1334 2139 1335 2144 κ

206 2208 264 2273 BE.
286 2203 495 2290 Apostolorum
516 2209 593 2270 Pstri
615 2213 645 2270 et
665 2207 747 2270 Pauli
767 2223 843 2271 anno
865 2209 1040 2288 supradicto.
1072 2205 1118 2270 Ab
1140 2208 1247 2270 eodem
1260 2211 1318 2270 Re·

207 2319 365 2382 verendiss.
385 2315 468 2380 Patre
489 2319 622 2397 sequenti
643 2317 691 2378 die
712 2321 912 2378 consecratum
933 2320 979 2378 est
994 2315 1095 2378 Altare
1116 2317 1317 2396 gloriossimae

208 2427 263 2490 Dei
285 2426 438 2488 Genitrieis
460 2431 490 2488 et
510 2431 635 2506 quatuor
656 2427 803 2489 Ecclesiae
824 2427 1014 2490 Doctorum.“
1057 2426 1139 2488 ldem
1160 2426 1318 2489 historicus

209 2538 239 2597 in
254 2537 366 2599 Ioanne
387 2533 670 2596 XXVlll.Abbate:
694 2535 871 2612 „Subhoc,“
892 2536 994 2615 inquit,
1015 2531 1146 2610 „Abbate
1167 2537 1319 2599 suscitavit

208 2643 289 2708 Deus
310 2645 453 2723 Spiritum
473 2643 720 2707 Reverendissimi
741 2642 834 2706 Patris
854 2641 1045 2718 Wichboldi,
1062 2645 1202 2724 Episcopi
1225 2663 1317 2724 qnon-

199 2742 273 2816 'dam
294 2751 476 2829 (dulmensis,
502 2757 535 2815 ut
555 2751 717 2815 Ecclesiam
739 2753 915 2832 Bergensem
936 2753 1063 2815 necdum
1084 2760 1317 2816 consummatam

206 2860 369 2940 perliceret,
391 2862 470 2942 quod
492 2862 556 2940 ipse
577 2873 694 2922 summo
714 2862 829 2941 pietatis
860 2862 965 2924 ellectu
995 2866 1149 2924 exsecutus
1171 2867 1235 2938 est,
1267 2881 1317 2925 ex·

209 2961 366 3050 posuitque
385 2974 449 3030 tunr
472 2987 526 3047 pro
548 2969 724 3047 perfectione
750 2969 913 3045 Ecclesiae,
942 2975 1005 3031 turn
1028 2987 1082 3048 pro
1102 2969 1167 3032 eliis
1189 2973 1317 3034 necessi·

207 3079 314 3140 tatibus
336 3075 418 3139 toto
439 3075 469 3138 ss.
489 3076 669 3152 Rhenenses,
691 3081 721 3138 et
742 3079 783 3140 ita
802 3095 901 3140 sacrse
920 3078 990 3140 huic
1001 3078 1102 3140 domui
1117 3077 1253 3140 addictus
1263 3083 1316 3154 est,
1406 3097 1407 3128 ³

204 3191 243 3248 ut
260 3187 360 3250 relicta
381 3185 526 3265 imperiali
547 3186 662 3248 ciuitate
680 3180 855 3249 ¹Coloniensi
884 3185 931 3248 lric
951 3187 1006 3248 sibi
1027 3187 1149 3250 domm
1169 3187 1316 3250 aedificari
1406 3167 1407 3170 Ἴ

207 3297 326 3371 curarit,
348 3295 378 3356 in
400 3311 459 3375 qna
480 3295 630 3374 usquead
651 3293 738 3356 linem
753 3293 894 3368 habitans,
912 3299 974 3357 toto
993 3297 1070 3358 vitae
1090 3313 1160 3357 suae
1181 3300 1318 3376 tempore
1406 3343 1407 3348 η

206 3406 342 3469 omnibus
364 3403 508 3484 periectas
528 3403 700 3466 humilitatis
721 3407 752 3465 et
770 3406 886 3466 sanclee
898 3404 1123 3468 conversationis
1144 3407 1317 3484 exemplum

207 3515 349 3593 praebuit.
357 3521 374 3552 ‘⁶
416 3513 498 3576 ldem
520 3514 549 3573 in
570 3512 690 3574 XXIX.
712 3509 825 3573 Abbate
851 3510 967 3574 Andreu
987 3511 1101 3574 scribit:
1146 3513 1317 3594 „Tempore
1406 3589 1407 3612 χ

207 3623 295 3702 hujus
315 3621 436 3684 Abbatis
457 3621 595 3684 lecta'est
615 3619 740 3684 lenestra
759 3619 810 3682 illa
837 3637 942 3700 magna
962 3625 992 3682 et
1012 3620 1219 3699 pulclterrima,
1242 3643 1317 3704 qnae

208 3734 254 3792 est
274 3731 304 3790 in
325 3728 504 3809 frontispicio
524 3727 673 3791 Ecclesiae
703 3728 882 3792 occidentem
912 3745 1030 3804 versus,
1061 3731 1098 3792 ad
1129 3731 1219 3809 quod·
1241 3749 1317 3814 opus
1406 3775 1407 3808 ,

207 3837 373 3902 Reverend.
395 3837 573 3915 Wigboldns
598 3837 761 3917 Episcopus
790 3837 910 3898 contulit
931 3833 993 3899 tou
1013 3836 1042 3898 ll.
1065 3837 1189 3900 Rhen.“
1234 3842 1318 3903 ldem

208 3945 404 4012 Wichboldus
424 3944 586 4006 Ecclesiam
608 3943 637 4006 S.
648 3943 799 4008 Cuniberli
817 3943 955 4008 Coloniae
976 3946 1088 4008 duabus
1109 3946 1318 4012 turribusred·

208 4056 281 4118 didit
301 4053 483 4135 politiorem,
503 4055 537 4112 ut
557 4051 652 4112 estin
673 4051 819 4115 Chronico
840 4051 1006 4114 Coloniens.
1028 4052 1264 4132 Episcoporum,
1286 4059 1317 4118 in

207 4163 346 4226 Brunone
367 4160 420 4224 lll.
442 4159 575 4240 Denique
606 4157 636 4218 in
658 4157 761 4222 XXX.
783 4158 895 4222 Abbate
927 4159 1153 4240 Aldenlrergensi
1184 4163 1316 4226 loannes

209 4271 289 4349 „Sub
309 4269 368 4334 hoc
387 4267 498 4333 Abbate
519 4266 650 4350 piissime
671 4267 702 4328 in
730 4265 788 4328 hoc
808 4269 985 4332 monasterio
1006 4266 1158 4331 defunctus
1185 4276 1232 4334 est
1258 4272 1316 4334 Re·

210 4379 439 4442 uerendissimus
464 4376 549 4439 Pater
574 4372 787 4452 Wichboldus,
806 4375 981 4458 Episcopus
1009 4374 1193 4455 Grnlmeusis,
1225 4378 1315 4460 hujus
