2832 4828
636 372 682 446 65

101 572 130 632 et
151 569 390 634 wachtenconk.
421 571 479 634 Sed
501 587 578 636 anuo
604 569 695 634 stac.
717 572 746 632 in
768 569 969 650 westphaliae
990 570 1130 634 limitibus
1151 571 1207 634 sub

101 680 240 756 parocbia
262 683 341 758 Espe
370 681 510 744 sacellum
532 681 562 744 S.
584 679 707 742 Ureulae
728 682 757 740 in
779 698 852 759 pago
874 679 1001 742 Nideren
1032 679 1208 742 Schlederen

101 789 282 850 consecravit
304 789 378 850 alius
399 791 537 865 loannes,
566 789 785 850 Adramittenus
804 790 984 867 Episcopus,
1005 789 1208 868 Suffragnnaus

79 895 286 962 Coloniensis
308 898 362 960 sub
384 898 561 970 Hermanno,
583 897 815 976 exLandgraviis
829 897 960 971 Hassiae,
979 897 1208 976 hrcbiepiscopo

100 1005 279 1068 Coloniensi.
320 1009 450 1068 Erantne
471 1027 540 1086 ergo
561 1007 619 1068 duo
638 1007 769 1084 eJusdem
792 1009 916 1068 nominis
937 1007 1082 1078 loannes,
1103 1006 1209 1068 eodem

100 1119 234 1194 tempore
254 1115 430 1194 Sullragauei
443 1114 705 1178 Colonienses‘l—
720 1114 811 1177 Porro
832 1113 1009 1194 Cyrenensis
1029 1112 1207 1176 anno1h88.

100 1223 147 1282 die
168 1222 218 1282 21.
241 1223 351 1301 Aprilis
374 1225 516 1284 concessit
543 1222 736 1302 indulgentias
756 1222 939 1284 visitantibus
961 1221 1085 1284 Crucem
1107 1222 1209 1284 Ellen-

98 1350 163 1394 sem
185 1333 261 1409 apud
284 1331 508 1405 Marcodurum,
532 1331 599 1392 dato
621 1330 796 1408 diplomate:
828 1330 917 1404 „Nos
937 1332 1081 1406 loannes,
1103 1331 1157 1392 Dei
1179 1336 1209 1393 et
1336 1333 1352 1380 -'

98 1439 285 1518 Apostolicae
306 1440 389 1502 Sedis
411 1441 502 1518 gratia
523 1439 687 1518 Episcopus
709 1439 884 1518 Cyrenensis
904 1439 1052 1502 Coloniae.
1062 1445 1078 1474 ·‘
1121 1440 1209 1502 Auno

97 1551 233 1626 sequenti
254 1550 402 1634 benedixit
422 1549 584 1610 Andarnaci
606 1551 761 1628 imaginem
781 1550 967 1610 beatissimae
987 1550 1065 1628 Virg.
1088 1548 1207 1623 Mariae,
1299 1539 1300 1542 ¹

98 1659 168 1718 dato
191 1655 365 1734 diplomate,
398 1659 475 1736 quod
507 1660 653 1754 integrum
685 1659 815 1737 originali
845 1676 1021 1737 pergameno
1048 1657 1206 1722 babemus:

98 1767 181 1840 „Nos
202 1766 344 1839 loannes,
378 1765 431 1827 Dei
452 1771 482 1828 et
502 1765 686 1844 Apostolicae
718 1767 801 1828 Sedis
822 1767 912 1844 gratia
933 1767 1097 1844 Episcopus
1117 1765 1208 1846 Cyre·

96 1877 206 1948 nensis,
228 1892 328 1936 sacrae
349 1873 522 1953 'theologiae
533 1873 690 1948 Professor,
707 1875 910 1938 Reverendiss.
930 1873 1025 1936 Patris
1046 1878 1076 1936 et
1089 1875 1207 1938 Domini

95 1983 132 2044 D.
156 1982 326 2055 Hermanni,
348 1983 566 2060 hrchiepiscopi
588 1982 780 2057 Coloniensis,
802 1987 832 2044 in
853 1980 1069 2054 Pontificalibus
1090 2000 1144 2061 per
1164 1985 1206 2043 ci-

95 2093 218 2154 vitatem
240 2097 268 2154 et
289 2092 441 2154 Dioecesin
458 2090 660 2154 Colonieasem
681 2092 814 2153 Vicarius
834 2091 988 2170 generalis,
1007 2091 1207 2170 praesentibus

65 2181 308 2279 protestamur,
338 2203 417 2281 quod
448 2201 604 2279 imaginem
635 2201 819 2263 beatissimae
848 2200 973 2279 Virginis
1008 2199 1118 2262 Mariae
1154 2217 1208 2278 pro

95 2307 247 2372 Coenobio
269 2309 389 2370 Ordinis
410 2307 559 2370 ldinorum
582 2311 610 2370 iu
637 2308 807 2376 hederneco
829 2326 888 2383 ea,
908 2325 966 2386 qua
987 2307 1101 2381 decuit,
1123 2326 1209 2370 reve·
1252 2312 1255 2323 ⁴

93 2419 189 2478 rentia
219 2415 438 2492 benediximus3
471 2419 638 2495 cupientes,
669 2421 702 2478 ut
720 2415 781 2494 iam
810 2417 885 2478 dicta
906 2415 996 2495 Virgo
1017 2415 1109 2478 Maria
1130 2416 1208 2494 apud

95 2527 222 2603 effigiem
253 2527 348 2603 ipsam
373 2523 481 2604 jugiter
502 2530 672 2598 veneretur,
703 2526 845 2602 congruis
867 2541 985 2603 quoque
1006 2521 1207 2602 frequentetur

94 2633 275 2718 honoribus;
297 2633 359 2694 Nos
380 2632 516 2694 omnibus
537 2631 644 2696 Christi
669 2630 804 2692 fidelibus
833 2651 903 2694 vere
923 2631 1063 2692 confessis
1086 2633 1115 2690 et
1136 2648 1208 2690 con·

93 2742 180 2816 tritis,
202 2742 380 2820 quicumque
402 2759 499 2802 coram
521 2739 646 2818 praefata
668 2741 793 2818 imagine
808 2744 893 2818 caput
914 2757 1002 2800 suum
1021 2739 1118 2800 debita
1138 2755 1204 2798 cum

89 2849 251 2911 ¹devotione
280 2847 494 2918 inclinaverint,
529 2851 584 2910 tria
613 2845 672 2910 Aue
694 2847 797 2910 Mario
831 2847 914 2908 llexis
945 2846 1066 2925 genibus
1097 2845 1205 2908 ibidem

94 2959 231 3031 dixerint,
252 2959 346 3032 toties,
368 2959 482 3036 quoties
503 2955 558 3018 hoc
579 2955 708 3029 iecerint,
731 2958 767 3018 de
789 2956 995 3035 omnipotentis
1016 2953 1071 3016 Dei
1091 2955 1205 3016 miseri-

94 3067 193 3128 cordia
215 3065 325 3141 confisi‚
347 3066 535 3144 quadraginta
556 3065 618 3128 dies
634 3063 877 3144 indulgentiarum
893 3083 929 3126 ex
946 3069 1026 3142 parte
1043 3064 1204 3126 Revereod.
1306 3053 1309 3060 ’

97 3177 219 3240 Domini
241 3177 331 3238 nostri
352 3173 583 3252 archipraesulis
611 3171 793 3240 Coloniensis
820 3171 995 3251 supradicti,
1025 3173 1205 3252 totidemque

95 3287 193 3346 nostra
217 3303 252 3344 ex
275 3287 356 3360 parte
378 3283 414 3344 de
436 3282 569 3360 iniunctis
591 3281 633 3342 eis
654 3281 837 3357 poenitentiis
855 3280 1081 3342 misericorditer
1097 3281 1127 3340 in
1145 3281 1205 3342 Do-

95 3395 175 3454 mino
197 3392 374 3454 relaxamus.
418 3391 450 3452 lu
472 3390 554 3468 cujus
583 3391 783 3450 testimonium
812 3387 941 3468 sigillum
962 3393 1096 3450 nostrum
1118 3407 1203 3468 prae-

94 3501 226 3564 sentibus
242 3499 468 3578 appendendum
484 3499 629 3560 duximus.
654 3499 759 3560 Datum
779 3497 919 3560 Coloniae
940 3501 969 3559 iu
984 3498 1071 3560 domo
1088 3503 1204 3562 nostrae

94 3610 280 3672 habitationis
309 3607 364 3668 sub
385 3625 460 3668 anno
480 3606 598 3669 Domini
619 3605 777 3668 millesimo
798 3606 1081 3684 quadringentesimo
1102 3613 1203 3670 octua-

94 3721 206 3797 gesimo
227 3735 314 3786 nono,
337 3715 384 3775 die
405 3733 476 3774 vero
499 3715 608 3776 decima
630 3717 732 3792 quarta¹
740 3712 879 3791 Aprilis.“
912 3715 946 3775 ln
966 3732 1095 3794 appenso
1114 3726 1204 3794 paruo

95 3825 190 3905 sigillo
212 3823 304 3901 figura
319 3827 359 3884 ¹et
380 3825 528 3901 inscriptio
550 3839 606 3884 non
628 3821 754 3900 amplius
775 3823 907 3901 cognosci
930 3826 1092 3900 potest.--
1117 3825 1204 3888 Anno

96 3933 186 3994 11ι91.
208 3933 238 3994 in
261 3930 334 3992 lesto
356 3930 405 3992 SS.
418 3929 558 3992 Gereonis
580 3935 609 3992 et
630 3931 754 3992 Victoris
775 3933 953 3994 consecrarit
970 3933 1024 3994 sub
1045 3932 1155 3996 honore
1173 3936 1203 3996 S.

94 4041 246 4104 Elisabeth
275 4041 380 4102 viduae
410 4040 501 4101 Aram
533 4039 636 4101 Sacelli
659 4040 763 4100 domus
794 4039 978 4104 infirmorum
999 4045 1028 4102 in
1051 4041 1203 4108 Conventu

94 4152 149 4212 FF.
171 4151 278 4212 Minor.
301 4149 477 4236 Marcodari.
500 4183 540 4193 -
576 4147 718 4226 Ejusdem
739 4149 827 4210 etiam
847 4151 966 4212 loannis
987 4147 1128 4214 babemus
1145 4154 1203 4214 ori·

95 4259 190 4338 ginale
221 4261 449 4320 instrumentum
478 4254 675 4334 dispositionis
702 4258 934 4334 testamentariae
962 4273 1029 4339 cum
1056 4244 1202 4322 transfixis

96 4367 200 4431 litteris
221 4366 400 4446 obligatoriis
427 4356 544 4430 senatus
573 4349 790 4446 Marpurgensis
820 4384 875 4444 pro
903 4365 1097 4446 eleemosynis
1118 4384 1202 4448 prae-

979 4470 1000 4533 5
