2832 4828
695 349 745 422 tt

168 547 232 622 brt,
259 548 311 610 sed
328 545 528 631 restiterunt¹)
550 547 661 610 eiumni
682 549 802 612 Ordinis
812 544 971 622 Teutonici,
994 551 1054 628 qui,
1073 547 1180 626 rejecto
1198 546 1276 608 Her·

168 673 284 725 manno,
299 655 493 718 Christianum
511 657 547 718 de
560 657 765 731 Miibibausen,
783 655 988 737 Presbyterum
1002 659 1047 717 sui
1056 655 1186 729 Ordinis,
1205 673 1279 717 con·

168 766 322 827 stituerunt
332 753 521 845 Episcopum,
538 773 639 846 postea
658 767 840 840 aiiriderico,
862 767 1010 862 Episcopo
1028 765 1277 860 bierseburgensi,

167 877 377 934 consecratum.
401 875 528 946 —Jam
557 893 627 954 ergo
656 877 714 936 duo
743 880 824 936 erent
850 879 891 937 sic
922 859 1060 936 nominati
1088 873 1278 934 Sambienses
1391 877 1392 888 ¹

168 981 325 1060 Episcopi,
355 987 458 1043 neuter
485 981 588 1044 eorurb
610 982 696 1043 fixam
719 985 748 1044 in
770 981 887 1044 Sambia
909 985 1008 1045 sedem
1031 982 1154 1042 babens.
1196 977 1278 1042 Her·
1391 1009 1392 1030 i

169 1107 292 1152 mannus
321 1093 399 1152 enim
421 1089 571 1154 Cotonium
601 1095 755 1170 repetens,
784 1091 944 1155 functiones
973 1095 1093 1153 sicaries
1122 1091 1279 1168 Archiepi-

168 1201 247 1278 scopi
258 1198 449 1272 Coloniensis
470 1200 652 1263 Christianus
670 1205 767 1261 eutem
790 1201 864 1262 circa
886 1219 952 1262 ann.
966 1200 1056 1262 tura.
1070 1199 1279 1278 -Tburingiam,

169 1309 221 1370 ubi
240 1309 380 1387 quasdam
404 1311 603 1388 possessiones
624 1307 764 1385 habebat,
787 1309 926 1388 profugus
947 1327 1097 1382 remeans,
1119 1306 1279 1386 Arcbiepi-

169 1421 249 1496 scopi
266 1419 426 1497 Moguntini
448 1421 526 1480 vices
548 1421 645 1496 gessit.
660 1449 698 1490 ε-
716 1418 759 1478 De
780 1419 951 1481 Hermanno
973 1424 1067 1480 exstat
1088 1419 1146 1480 tete
1170 1424 1279 1482 monu-

168 1534 319 1588 mentum:
355 1527 463 1588 eAnno
491 1525 741 1590 MCCLXXXIV.
770 1527 942 1590 translatum
964 1533 1010 1590 est
1031 1529 1137 1590 testum
1160 1530 1279 1590 dedica·

169 1638 257 1698 tionis
279 1636 380 1714 tempii
402 1636 564 1698 Senotensis
586 1655 601 1696 a
623 1633 755 1720 Fratre²)
778 1637 968 1713 Hermanno,
991 1637 1138 1716 Episcopo
1160 1639 1277 1700 Sambi·
1391 1621 1392 1680 ἕ

169 1747 249 1820 ensi,
280 1748 399 1824 gerente
430 1745 509 1806 vices
529 1743 646 1806 Domini
669 1745 792 1819 simini,
821 1745 986 1808 Coloniens.
1016 1746 1277 1827 Archiepiscopi.e

168 1853 212 1915 De
232 1855 334 1916 eodem
360 1859 389 1914 et
408 1853 480 1914 iliud
499 1857 660 1932 reperitur:
683 1854 807 1916 «Attene
825 1855 858 1916 Β.
877 1856 988 1918 Mariae
1001 1855 1190 1932 Magdalenae
1208 1849 1278 1922 con·

90 1991 93 2000 ·
168 1967 293 2024 secrevit
313 1963 511 2037 Hermonem,
534 1963 711 2025 Sambiensis
722 1963 895 2042 Episcopus,
917 1963 1122 2024 dieDominica
1142 1969 1278 2042 proxime
1391 2011 1392 2020 ,

169 2076 235 2148 post
246 2071 431 2132 Nativitatem
445 2070 478 2131 B.
493 2069 615 2146 Mariae,
635 2089 709 2150 quae
721 2073 823 2132 accidit
838 2074 867 2132 in
879 2071 927 2132 Vl.
947 2071 990 2132 Id.
1008 2073 1180 2150 Septembr,
1204 2073 1279 2134 San·
1391 2061 1392 2134 Ϊ

168 2181 221 2240 ctis
247 2185 327 2241 etc.»
361 2179 441 2241 ldem
456 2180 643 2242 Hermannus
662 2181 835 2258 Episcopus,
858 2177 1062 2258 Sutimganeus
1084 2179 1278 2250 Coloniensis,
1363 2243 1368 2250 ,
1391 2177 1392 2186 ’

170 2288 315 2348 dedicavit
326 2287 450 2348 tabulam
460 2288 661 2375 Reliquiarum
684 2289 714 2348 in
734 2290 831 2350 Veteri
844 2288 945 2350 Monte
967 2290 1041 2349 circa
1057 2285 1277 2349 annum1303.
1391 2337 1392 2374 3

167 2396 335 2474 Siquidem,
362 2395 504 2456 referente
525 2395 650 2456 Domino
672 2395 858 2480 tongettno,
873 2397 1020 2458 Henaicus
1048 2397 1146 2459 XVH.
1176 2397 1279 2458 Abbas
1391 2457 1392 2496 ἐ

168 2505 285 2566 Veteris
297 2504 415 2577 Montis,
438 2503 548 2564 eiectus
570 2521 643 2564 anm
660 2501 761 2578 1289,
784 2510 850 2582 post
868 2505 1101 2583 quartuordecim
1120 2523 1212 2566 annos
1224 2503 1277 2564 eb-

169 2615 289 2686 dicuait,
321 2611 371 2692 ¹qui
394 2614 430 2674 de
455 2631 599 2674 consensu
620 2615 778 2674 visitatoris
799 2617 828 2673 et
848 2613 964 2673 Domini
986 2613 1095 2686 iacobi,
1117 2611 1276 2674 Successo-

169 2725 208 2786 ais
230 2724 285 2796 sui,
307 2724 421 2783 curavit
443 2721 505 2783 fieri
527 2723 766 2802 pretiosissimam
789 2721 916 2783 tabulam
938 2721 1162 2801 Retiquiarum,
1184 2739 1276 2800 quem

171 2832 304 2910 pluribus
327 2850 360 2892 ac
382 2833 600 2910 pretiosissimis
622 2831 765 2910 Reliquiis
788 2830 956 2904 mornacii,
987 2831 1157 2908 curavitque
1180 2829 1276 2890 ‘bene-

169 2942 226 3002 dici
257 2959 309 3018 per
337 2941 545 3001 Reverendiss.
568 2939 726 3002 Dominum
748 2939 958 3012 Hermannum,
975 2940 1160 3016 ¹Episcopum
1189 2931 1278 3000 Sam?

69 3104 73 3107 .
169 3049 310 3122 biensem,
328 3047 547 3126 suffraganeum
564 3047 667 3110 Colou.
699 3047 831 3109 Decessit
852 3068 868 3110 e
891 3049 966 3108 vivis
986 3047 1052 3110 Vii.
1076 3049 1144 3108 idus
1166 3047 1276 3108 Martii.

170 3157 319 3236 Siquidem
349 3157 378 3215 in
407 3151 590 3235 sigbergensi
612 3155 784 3234 Necaologio
806 3157 842 3218 ad
866 3169 934 3218 eum
955 3157 1032 3216 diem
1056 3161 1171 3216 notetur
1192 3157 1279 3216 com-'

169 3267 342 3328 memoratio
364 3264 481 3326 Domini
503 3263 680 3335 Hermanai,
703 3265 854 3342 quondam·
872 3261 1048 3324 Sambiensis
1070 3261 1208 3340 Episcopi
1219 3260 1255 3344 3).

230 3373 345 3434 interea
366 3376 396 3435 et
427 3371 502 3434 atius
528 3377 678 3450 comparet
690 3371 876 3450 Episcopus,
898 3372 977 3431 vices
1000 3369 1156 3448 aliquando
1170 3388 1277 3448 gerens

169 3482 351 3544 Coloniensis
367 3481 599 3545 Arcbiantistitis.
625 3479 659 3542 ln
676 3479 826 3541 annalibus
847 3481 925 3550 enim
944 3479 1027 3541 MSS.
1042 3477 1221 3541 Weseiienis
1238 3479 1277 3540 ati

169 3607 237 3651 ann.
269 3589 358 3652 tuuc.
390 3595 523 3652 notatur:
557 3588 857 3652 «Reverendissimus
879 3587 1021 3649 Dominus
1041 3587 1202 3660 Emanuei,
1225 3587 1278 3648 de·

147 3703 318 3760 caetorum
350 3703 379 3760 et
407 3699 504 3778 legum
524 3699 646 3775 Ductor,
681 3697 828 3779 quondam
857 3697 1022 3776 Episcopus
1049 3694 1276 3770 cremoniensis,

205 3857 236 3924 1)
254 3855 430 3920 Episcopatus
449 3858 572 3909 Prassiae
591 3858 714 3910 tratribus
731 3858 773 3909 sui
791 3855 897 3910 Ordinis
916 3856 948 3906 ab
964 3853 1115 3906 Innocentio
1130 3853 1277 3906 tvetutsse

262 3959 384 4014 assertos,
403 3953 572 4004 affirmabant.
596 3954 657 4009 vid.
675 3955 812 4018 uaynatu.
834 3950 929 4002 Annei.
956 3951 989 4001 ad
1008 3933 1066 4002 tun.
1087 3949 1163 4004 tatu.
1181 3951 1213 4004 N·
1232 3952 1277 4003 89.

205 4047 233 4111 b)
251 4047 421 4099 Hermannus
440 4048 606 4112 probabiliter
625 4055 679 4100 erat
698 4063 728 4099 ex
748 4048 845 4100 Ordine
866 4047 1005 4099 Minorem.

207 4145 233 4206 3)
251 4144 290 4194 Da
313 4143 475 4215 Christiano,
495 4132 643 4196 Sambieusi
669 4135 813 4206 Episcopo,
832 4140 1002 4204 -Suffraganeo
1029 4139 1189 4204 uomnuno,
1217 4138 1276 4192 vida

259 4241 375 4292 loannis
399 4240 544 4293 Eieucbum
569 4238 799 4302 denumeratis
817 4239 962 4302 Mogontia.
983 4239 1056 4292 Tem.
1080 4235 1116 4290 11.
1140 4237 1200 4292 ber.
1218 4237 1275 4292 Mo·
1391 4235 1392 4256 ¹

259 4341 329 4400 mat
349 4348 406 4400 pag.
424 4335 486 4390 titus
