2832 4828
667 307 717 378 87

140 507 376 586 consanguineis,
398 503 566 568 admittendi
587 522 659 566 vero
679 507 709 566 et
736 503 917 577 instituendi,
939 507 1073 568 examine
1092 512 1122 568 et
1138 525 1241 587 appro·

139 615 256 678 batione
284 611 530 693 drobiepiacopali
550 613 681 691 praevia,
704 611 822 672 Decano
841 629 895 690 pro
920 618 1050 693 tempore
1063 614 1241 694 Collegiatae

139 723 410 801 Dosseldorpiensis
430 721 583 799 praetactis
598 725 630 782 et
650 722 680 782 in
698 718 843 781 transfixis
863 719 966 783 litteris
993 721 1077 784 latius
1097 727 1242 802 expressis

139 833 229 894 rnodo
252 837 283 893 et
299 830 391 893 torma
410 832 606 892 concessimus
623 833 654 892 et
669 830 898 902 successimus,
920 833 949 890 et
969 833 998 891 in
1021 834 1080 892 vim
1105 835 1195 895 sancti
1213 836 1243 894 et

138 939 321 1031 oecumenici
341 938 463 1002 Consilii
487 937 646 1000 Tridentini
668 938 827 1000 antedictos
846 937 954 999 incolas
974 940 1010 1000 ab
1031 939 1161 1002 ulteriori
1183 940 1242 1002 ire-

138 1049 328 1128 quentrtione
348 1045 521 1126 parochialis
540 1045 688 1108 Ecclesiae
708 1043 977 1123 Busseldorpiensis
997 1046 1192 1122 liberavimus,
1213 1053 1243 1110 et
1373 1117 1376 1122 ,

138 1173 262 1236 prorsus
280 1155 387 1218 liberos
408 1155 592 1218 decrevimus
609 1159 639 1216 ot
655 1152 880 1227 declaravimus,
899 1171 953 1216 nec
975 1174 1032 1218 non
1055 1157 1158 1218 iisdem
1178 1178 1243 1238 per·

138 1265 277 1326 misimus
295 1268 325 1324 et
351 1263 568 1335 mandavimus,
590 1266 624 1324 ut
648 1262 754 1324 dictam
779 1279 884 1325 novam
908 1261 1067 1328 Ecclesiam
1094 1269 1243 1344 umquam

139 1374 293 1451 propriam
322 1371 429 1434 babere
453 1376 483 1432 et
505 1372 644 1444 retinere,
670 1375 756 1448 atqua
779 1389 815 1431 ox
836 1388 912 1432 nuno
932 1371 961 1431 in
982 1377 1065 1434 antea
1086 1377 1243 1452 perpetuis,

140 1481 246 1541 tuturis
269 1461 455 1557 temporibus
479 1476 657 1561 (dummodo
675 1495 740 1540 eam
758 1481 828 1540 citra
846 1479 1052 1558 praejudicium
1069 1481 1244 1560 Collegiatae

140 1588 293 1650 Ecclesiae
310 1587 578 1665 Dusseldorpiensis
593 1591 716 1660 sartam,
733 1591 837 1648 tectam
859 1595 1044 1662 conservent,
1064 1594 1094 1652 et
1113 1592 1149 1652 ad
1169 1591 1243 1653 divi-

140 1714 212 1757 num
231 1695 360 1756 cilicium
382 1695 544 1757 noomsaria
560 1711 687 1773 congnre
701 1693 873 1778 procurent)
894 1695 1086 1776 frequentare,
1104 1704 1133 1760 et
1150 1699 1185 1772 in,
1200 1717 1243 1772 ea,

141 1805 359 1882 quamprimum
388 1799 484 1885 (quod
508 1803 678 1880 propediem
699 1801 829 1870 laturum
855 1804 885 1863 in
903 1804 1029 1866 Domino
1054 1801 1242 1887 confidimus)

142 1911 269 1990 perfecta
288 1911 390 1985 luerit,
415 1912 479 1974 loco
498 1911 621 1972 honesto
639 1929 672 1971 ac
689 1915 752 1972 tuto
772 1910 972 1989 baptisterium
994 1931 1029 1972 ex
1047 1911 1141 1990 lapide
1166 1915 1244 1986 vivo,

143 2020 238 2082 solido
255 2023 285 2080 et
302 2019 421 2092 mundo,
437 2020 515 2097 quod
535 2035 639 2096 aquam
652 2017 853 2095 baptismalem
871 2019 945 2079 bene
962 2021 1104 2082 contiueat
1121 2037 1244 2100 eamque

143 2129 262 2188 nitidam
280 2131 309 2188 et
324 2144 428 2205 puram
444 2130 613 2196 conservet,
633 2130 802 2187 construere
818 2125 882 2188 loco
902 2143 994 2206 prope
1013 2129 1119 2190 dictum
1138 2145 1244 2207 pagum

141 2233 318 2308 llerendorl,
352 2233 440 2312 vulgo
466 2235 521 2311 uos
540 2235 605 2294 dem
629 2250 720 2294 nauca
742 2231 899 2312 Kircltdos,
927 2235 1018 2296 donee
1041 2236 1111 2313 ipsis
1133 2237 1169 2298 de
1187 2235 1245 2296 alio

141 2361 235 2422 propa
257 2340 419 2404 Ecclesiam
438 2343 528 2419 magia
544 2357 670 2418 congruo
685 2341 830 2419 provideri
851 2343 993 2418 potuerit,
1012 2341 1134 2413 babere,
1152 2361 1246 2421 usque

142 2454 173 2512 et
191 2451 338 2526 campanis
351 2453 380 2510 et
394 2446 566 2525 campanili,
586 2446 709 2524 aliisque
726 2445 837 2525 juribus
859 2465 893 2509 ac
912 2449 1069 2528 insignibus
1087 2450 1246 2527 parochiali

141 2555 292 2618 Ecclesiae
307 2555 425 2617 concedi
442 2554 544 2626 solitis,
561 2557 602 2614 uti
624 2559 653 2614 et
670 2553 806 2630 peculiari
828 2555 952 2616 bieolore
967 2575 1023 2628 seu,
1035 2562 1166 2618 curatore
1184 2560 1246 2618 anie

143 2682 260 2738 marum
285 2663 446 2742 praemisso
467 2662 555 2723 modo
579 2661 633 2722 sibi
660 2661 824 2739 deputando
855 2668 884 2723 et
905 2665 1123 2732 constituendo,
1152 2682 1246 2744 aquo

144 2773 242 2832 omnia
261 2775 290 2831 et
314 2769 426 2847 singula
451 2767 634 2833 Sacramenta
651 2769 800 2846 suscipere
826 2771 953 2847 possint,
978 2771 1103 2848 gaudere
1136 2774 1247 2848 possint

143 2895 177 2940 ac
196 2878 327 2938 valeant:
350 2877 596 2956 quemadmodum
621 2877 781 2952 respective
798 2877 977 2938 admittimus
997 2884 1025 2940 et
1042 2879 1247 2958 approbemus,

143 2989 290 3065 erigimus,
310 3001 453 3058 creamus,
473 2989 502 3044 et
524 2983 711 3056 instituimus,
728 2985 917 3061 assignamus,
931 2985 1129 3060 adscribimus,
1150 3005 1246 3048 reser-

142 3112 256 3166 vamus,
277 3091 441 3164 liberamus,
462 3091 652 3160 decernimos,
673 3091 877 3168 permittimus,
896 3093 1072 3166 ordinamus,
1095 3097 1248 3156 statuimus

143 3205 173 3264 in
193 3202 246 3262 Dei
262 3202 378 3262 nornine
396 3216 448 3278 per
466 3202 647 3276 praesentes,
668 3195 806 3259 ulteriore
827 3200 855 3258 in
875 3202 1040 3274 praemissis
1058 3201 1181 3279 aliisque
1203 3221 1248 3264 or·

144 3311 290 3372 dinatiooe
320 3310 349 3368 et
363 3305 555 3367 declaratione
576 3308 674 3366 nostra
695 3303 784 3364 salva.
827 3305 860 3364 lu
882 3305 969 3366 tidem
989 3305 1088 3368 datum
1110 3308 1248 3370 Coloniae

144 3417 194 3480 31.
218 3415 314 3478 Martii
338 3411 453 3474 1692st⁸
496 3411 582 3473 Anno
607 3413 740 3490 sequenti
760 3411 824 3473 latis
844 3415 946 3488 cessit,
978 3417 1023 3476 cui
1047 3421 1175 3478 erectum
1203 3419 1249 3477 est

142 3541 269 3604 sequens
290 3520 472 3601 epitaphium
494 3519 524 3580 in
545 3519 677 3583 Ecclesia
695 3519 724 3582 S.
744 3518 901 3594 Gereonio,
928 3519 978 3583 ubi
996 3540 1101 3601 corpus
1121 3523 1184 3602 ejus
1204 3527 1249 3586 est

142 3631 308 3713 sepultum:

603 3843 652 3904 Sta
673 3842 791 3904 Viator!

428 3951 468 4011 Et
488 3948 624 4029 lacrymis
646 3950 769 4027 publicis
790 3951 863 4012 adde
884 3958 965 4029 tuas3

409 4055 553 4137 Utrasque
575 4063 703 4120 rueretur
722 4058 832 4138 jactura
853 4061 978 4138 publica.

342 4195 345 4200 ·
457 4163 513 4226 Hic
530 4163 622 4244 J'aoat,
645 4167 696 4246 qui
717 4183 835 4247 semper
858 4167 938 4228 stetit
