2832 4828
665 317 712 386 23

134 521 215 580 tione
230 517 310 579 illins
331 519 559 588 conburersiae,
581 535 655 596 quae
681 518 711 578 in
728 497 901 596 Trajectansi
925 515 1054 578 Ecclesia
1066 491 1242 606 agitabatur,

135 643 260 688 examen
278 626 405 699 laturus,
428 621 694 686 iniericreallbeni
712 632 807 703 partes
831 625 917 699 adiit,
949 609 1058 686 babens
1083 641 1183 685 secum
1204 643 1260 684 er

134 733 285 810 Bajovaria
303 731 441 794 Ottonem
456 731 681 809 Frisingensem',
699 751 736 793 ex
751 733 875 794 Saxobia
887 713 1238 804 AlbertamMisnensem,

134 841 307 918 Episcopus,
320 845 475 918 postquam
485 839 622 902 Coloniae
633 840 753 900 Arnoldi
766 841 814 916 ll.,
829 840 950 902 Comitis
962 841 999 900 de
1010 838 1120 914 weda,
1135 839 1238 900 Archi·

135 931 480 1026 episcopi'Coloniensis,
502 929 678 1008 electionem
693 947 890 1022 confirmavit,
918 943 1092 1010 solemnitati
1110 949 1240 1020 interfuit

135 1054 326 1118 dedicationis
335 1053 484 1116 Ecclesiae
494 1051 616 1133 Collegii
633 1055 889 1133 Ilbeinrlorpeusis,
906 1059 1074 1144 quamnam
1092 1055 1156 1118 aliis
1174 1057 1241 1116 rici-

134 1165 182 1222 nis
202 1161 358 1243 Episcopis
373 1179 463 1239 supra
482 1160 590 1222 laudati
611 1163 791 1237 celebrarunt
814 1162 970 1224 Misnensis
988 1169 1017 1224 et
1037 1161 1238 1252 Frisinge'nsis.

135 1267 244 1329 Tabula
254 1271 333 1328 enim
344 1268 474 1346 ejusdem
485 1269 615 1347 Collegii,
631 1271 791 1332 uncialibus
801 1271 903 1331 litteris
920 1273 1066 1348 inscripta,
1081 1273 1127 1350 sic,
1137 1269 1238 1330 babet:

136 1378 250 1451 „Anno
267 1375 437 1436 Dominioae
455 1378 659 1440 iucarnationis
681 1375 1042 1452 MCL1.‚'vl1.Januarri,
1062 1379 1161 1439 Altare
1184 1379 1239 1439 boc

135 1504 191 1564 pro
208 1483 326 1563 Capella
347 1485 537 1546 avenerabili
560 1486 760 1546 Misnieusium
781 1487 926 1563 Episcopo
943 1482 1238 1568 Aruoldoiblberto),

134 1611 153 1652 a
173 1591 330 1652 venerabili
358 1591 561 1654 Leodiensium
581 1595 726 1671 Episcopo
744 1593 870 1655 Hemico
896 1598 925 1656 in
946 1593 1085 1655 bonorem
1103 1595 1136 1655 B.
1154 1593 1242 1656 Nico-

135 1701 174 1761 lai
196 1743 245 1758 ...
264 1687 360 1778 Papae
380 1708 409 1760 et
426 1700 822 1780 B.Prinoipisllpostolorum
841 1700 1030 1778 successoris,
1052 1703 1151 1764 Altare
1169 1722 1239 1764 vero

134 1809 287 1868 sinistrum
308 1809 338 1866 iu
361 1795 504 1868 bonorem
519 1807 553 1888 B.
576 1791 724 1869 Laurentii
746 1809 884 1888 Martyris
906 1815 936 1870 et
954 1813 1085 1870 onnrium
1110 1815 1239 1869 caetero-

134 1933 218 1989 rum,
237 1914 336 1976 Altare
354 1899 589 1976 rero'desrerum
609 1918 637 1977 in
657 1916 795 1981 bonorem
814 1917 846 2005 Β.
865 1907 1002 1996 Stephani
1018 1915 1239 1995 protomartyris

134 2030 164 2086 cl
177 2026 314 2086 omnium
333 2006 513 2102 Martyrum,
539 2025 638 2108 Altare
656 2043 727 2085 vero
751 2025 878 2085 medium
899 2027 931 2084 in
950 2007 1091 2086 bonorem
1105 2009 1238 2101 Apostoli

132 2131 231 2207 Petri,
257 2133 416 2208 superioris
439 2135 537 2192 autem
555 2131 690 2210 Capellae
714 2129 813 2192 Altare
837 2136 865 2192 in
889 2109 1030 2214 bonorem
1056 2132 1239 2220 beatissimae

132 2240 306 2300 matrisrllci
323 2255 441 2318 semper
453 2240 578 2316 Virginis
593 2240 701 2300 Mariae
720 2245 749 2300 et
763 2239 882 2301 loannis
899 2237 1103 2317 Evangelistae
1117 2258 1133 2300 a
1148 2227 1244 2300 rcuess'

132 2348 216 2410 rabili
234 2347 459 2425 Frisingensium
480 2333 628 2424 Episcopo
649 2346 774 2418 Ottone,
798 2345 914 2406 Domini
934 2347 1131 2407 Romanorum
1151 2349 1238 2425 Regis

132 2455 257 2534 Augrrsti
272 2454 382 2526 tratre,
397 2455 470 2532 'ipso
486 2455 588 2514 eodem
603 2454 681 2531 llege
696 2457 861 2532 praesente,
881 2471 933 2514 nec
947 2473 1004 2515 non
1023 2453 1153 2516 Arnoldo
1167 2457 1237 2534 piae

132 2561 340 2623 recordationis
363 2560 513 2622 fundatore
535 2559 765 2638 et'Coloniensis
782 2539 935 2620 ¹Ecclesiae
953 2563 1061 2634 electo,
1085 2568 1236 2639 praesente

133 2673 220 2730 etiam
232 2653 388 2730 reamabili
401 2667 603 2728 Corbiensiom
619 2668 730 2728 Ablata
744 2667 869 2740 Domino
882 2668 1030 2741 wibaldo,
1045 2669 1157 2730 Abbate
1170 2656 1242 2731 Sta-¹

132 2776 247 2839 bulensi
265 2777 417 2854 Waltero,
440 2774 556 2852 maioris
578 2775 726 2834 Ecclesiae
750 2775 778 2833 in
800 2771 920 2835 Colonia
940 2777 1070 2846 Decano,
1091 2775 1234 2839 Bonnensi
1258 2840 1260 2846 ,

132 2885 302 2964 Praeposito
319 2869 530 2944 Arcbidiacouo
552 2880 699 2962 Gerardo,
729 2881 886 2941 venerabili
904 2885 967 2944 viro
983 2880 1234 2962 sigebergensium

132 2993 245 3055 Abbate
263 2991 399 3062 Nicolao‚
419 2988 518 3050 multis
538 2991 623 3051 etiam
643 2991 775 3065 personis
794 2981 884 3048 tame
896 2991 1057 3067 nobilibus,
1076 3011 1163 3072 quam
1179 2995 1234 3055 mi·

131 3099 344 3170 nisterialibus,
378 3098 473 3158 dotata
499 3081 617 3174 quoque
642 3096 805 3156 abeodem
835 3097 986 3160 fundatore
1014 3106 1043 3160 et
1068 3099 1156 3160 lratre
1178 3120 1233 3163 suo

130 3207 300 3270 Burcbartlo
324 3206 361 3266 de
380 3190 482 3266 Wilba
500 3207 530 3264 et
546 3221 648 3263 sorore
664 3219 726 3285 sua·
741 3201 896 3282 lladewige
918 3205 1068 3267 Abbatissa
1084 3207 1234 3270 Assniensi

130 3324 161 3378 et
185 3313 434 3377 Gerresbeimensi
458 3309 631 3386 abbatissa,
659 3327 759 3370 sorore
788 3329 841 3370 aua
869 3289 1030 3372 bic'electa
1051 3315 1234 3376 Abbatissa.‘¹

130 3426 211 3502 Quot
228 3425 259 3484 in
279 3424 354 3485 serie
370 3411 582 3499 Episcoporum
597 3417 801 3480 Misniensium
821 3423 850 3479 et
869 3418 1088 3505 Abballssarum
1106 3419 1231 3486 Canoni-

128 3549 230 3596 earom
253 3531 372 3592 lacunae
392 3529 449 3588 boc
468 3529 561 3610 unico
580 3525 689 3604 expleri
715 3529 825 3603 possint
852 3533 1058 3603 monumento,
1084 3549 1170 3593 nemo
1191 3535 1242 3594 rei'

128 3641 283 3702 historicae
297 3638 408 3714 peritus
426 3621 483 3695 nori
500 3635 588 3694 ridet.
630 3633 768 3693 Albertus
783 3635 861 3693 enim
878 3635 907 3694 iu
925 3634 1076 3700 Chronicis
1090 3635 1232 3702 Misnicn-

129 3747 214 3822 sibus
231 3745 425 3825 plerumque,
439 3745 513 3802 teste
535 3741 649 3819 Sigism‘.
672 3739 784 3812 Calles',
804 3741 953 3802 omittitur.
997 3746 1068 3806 lade
1089 3747 1177 3808 etiarn¹
1192 3726 1232 3810 li·
1296 3720 1301 3733 ’

128 3862 208 3935 quet,
236 3853 411 3923 Arnoldum,
430 3849 556 3910 electum
574 3847 840 3927 brobiepiscopum,
860 3857 994 3912 currente
1009 3853 1145 3916 ianuario
1165 3853 1242 3919 aanl'

128 3959 208 4022 1151
230 3961 261 4021 in
280 3959 452 4030 Germania,
474 3975 532 4018 noa
551 3958 581 4015 in
603 3957 682 4017 ltal-la
701 3956 805 4031 luisse,
826 3963 858 4018 ut
873 3959 1003 4020 nonnulli
1020 3962 1157 4040 colligere
1177 3983 1230 4026 ro·

127 4069 193 4129 lunt
211 4087 246 4128 ex
266 4067 352 4128 Bulla
369 4067 491 4143 Eugenii
506 4065 556 4126 lll.
572 4049 675 4142 Papae,
695 4065 765 4125 daia
784 4065 903 4146 Signiae
918 4086 974 4146 prr
986 4085 1090 4128 manos
1106 4047 1229 4132 Bacenis

129 4176 161 4238 S.
179 4176 215 4236 R.
234 4173 273 4234 Ε.
287 4173 454 4255 Scriptcris,
473 4171 521 4235 VI.
545 4171 616 4233 Idas
638 4171 788 4245 Ianuarii,
810 4172 915 4234 Indici.
933 4171 997 4237 XV.
1018 4174 1228 4254 loremarius,

127 4285 299 4346 Domioicae
310 4301 385 4346 amco
394 4277 515 4355 MCLI,
527 4281 712 4361 Pontificntoa
722 4301 788 4343 cero
797 4283 915 4368 Dersaioi
922 4281 1048 4362 Eugenii
1057 4283 1154 4363 Papae
1167 4263 1230 4352 ill.
