2832 4828
644 400 691 472 tt

454 597 581 682 Sinfflalis
602 598 692 680 hujus
711 595 888 676 hletcopolit.

470 711 623 774 canonicis
643 705 875 788 Capitulsribus,

479 819 558 880 idem
579 834 647 880 curn
669 819 773 894 patruo
794 832 867 890 suo,

463 927 609 1008 Episcopo
630 922 886 1002 Rhodiopolitauo,

478 1035 534 1097 sibi
555 1033 665 1113 eligens
685 1029 875 1110 sepulchrum

469 1146 697 1223 exspectansque
715 1139 874 1220 indicium,

403 1240 629 1316 hlonume'ntnm
650 1250 706 1312 hoc
726 1251 812 1312 virm
833 1246 940 1327 posuit

573 1345 692 1434 Viator}
712 1357 778 1420 vale

413 1473 443 1532 et
464 1486 520 1548 pro
539 1467 659 1547 singulis
679 1465 775 1528 Deum
796 1457 932 1546 precere!
1026 1457 1031 1467 ”

468 1581 528 1638 nat.
549 1576 578 1637 1.
599 1576 665 1636 lau.
686 1573 879 1638 Muccxlv.

422 1684 469 1746 ob.
492 1684 520 1744 1.
543 1682 647 1746 Octob.
672 1679 926 1746 mccclxxxr.

183 1793 289 1858 Factus
310 1797 355 1856 est
375 1797 473 1855 autem
484 1792 583 1854 Franc.
600 1789 745 1871 Casparus
766 1807 841 1852 anno
864 1783 1226 1885 171213resnysercmo·

122 1878 205 1967 ulcus
226 1901 352 1982 Capitul.
374 1901 612 1980 metropolitanas
632 1899 790 1971 Ecclesiae,
812 1899 880 1961 dein
900 1898 1061 1960 successive
1083 1895 1225 1974 perinsig-

48 2055 59 2086 .
122 2017 167 2076 nis
188 2011 219 2076 S.
241 2012 371 2074 Severini
392 2015 422 2073 et
443 2009 600 2072 illustrium
621 2008 656 2070 B.
677 2008 719 2070 hl.
741 2008 777 2070 V.
798 2010 829 2070 in
849 2003 993 2086 Capitolio
1014 2007 1044 2065 et
1060 2003 1090 2066 S.
1103 2001 1226 2066 Ursulus

122 2119 346 2199 collegiatarum
364 2118 562 2181 Ecclesiarum
583 2116 801 2181 Coloniensinm
826 2113 990 2178 Canonicus
1011 2131 1045 2176 ac
1064 2114 1226 2193 respective

118 2231 261 2299 Decanns,
272 2225 423 2308 Gymnasii
432 2227 616 2288 Laurentiani
624 2228 748 2306 Regem,
758 2225 864 2306 quibus
885 2227 915 2286 iu
929 2223 1032 2286 officiis
1040 2226 1069 2284 et
1082 2223 1225 2302 dignitati-

119 2337 173 2400 bus
191 2335 392 2398 ecclesiasticis
405 2353 518 2396 morum
529 2335 668 2414 gravitate
692 2337 723 2395 et
743 2335 832 2395 animi
853 2332 1027 2412 benignitate
1044 2332 1223 2410 spiritusque

120 2439 227 2524 pie'tate
248 2445 289 2505 ita
309 2441 455 2519 excelluit,
477 2443 773 2522 uthrohiepiscopus
793 2459 862 2504 eum
882 2459 958 2504 anno
976 2439 1068 2502 1713.
1089 2441 1118 2502 in
1133 2457 1221 2502 suum

120 2553 338 2631 Suffraganeum
366 2555 558 2630 assumpserit
587 2557 618 2614 et
638 2551 688 2613 30.
709 2551 779 2613 lulli
808 2551 875 2613 anni
896 2550 1055 2631 sequentis,
1077 2551 1222 2610 annuente

120 2663 205 2724 Rom.
221 2659 366 2734 Pontifioe,
379 2663 591 2724 consecraverit
610 2660 829 2740 inllpiscopmn
839 2657 1123 2739 llhodiopolitanum‚
1147 2675 1223 2737 quae

120 2771 221 2844 civitas
242 2770 423 2848 episcopalis,
444 2769 514 2831 alies
535 2767 650 2832 llboda'o
671 2771 756 2845 diota,
782 2774 844 2830 erat
864 2768 936 2830 olim
956 2767 1140 2845 suffraganea
1160 2766 1224 2828 hle·

120 2871 242 2956 tropolis
263 2875 418 2957 Myrorum
440 2879 469 2938 in
491 2877 590 2958 Lycia.
611 2909 651 2922 ·-
691 2879 758 2955 lpse
779 2879 854 2939 intra
885 2863 1072 2957 quadraginta
1100 2879 1224 2956 quatuor

120 3005 221 3060 annos,
244 2990 277 3048 ut
297 3004 334 3047 ex
357 2987 539 3048 documentis
559 2985 732 3048 authenticis
748 2987 895 3061 discimus,
917 2987 1042 3067 primam
1074 2990 1223 3047 tonsuram

121 3095 243 3156 contulit
263 3092 355 3156 else.
376 3095 522 3172 personis:
543 3093 740 3156 subdiaconos
768 3095 911 3157 ordinavit
932 3094 1043 3171 rme,
1079 3094 1222 3158 Diaconos

119 3203 224 3278 7220,
244 3201 431 3282 Presbyteros
451 3199 554 3276 7291,
577 3201 723 3265 Ecclesiae
744 3206 922 3266 consecrarit
943 3203 1005 3276 35,
1034 3201 1145 3265 Altaria
1166 3203 1223 3265 fixa

120 3310 208 3386 tuh,
237 3310 364 3373 hbbates
386 3310 533 3372 benedixit
554 3311 620 3385 60„
646 3329 722 3391 quos
741 3313 818 3372 inter
837 3312 910 3374 duos
931 3329 968 3372 ex
988 3309 1112 3372 Abbatia
1132 3310 1223 3374 Glad-

120 3421 247 3493 baoensi,
269 3421 397 3499 primunr
419 3420 535 3481 Rodum
548 3419 645 3480 unum
660 3420 822 3482 servatium
844 3418 1069 3499 Vandenllerg,
1091 3421 1115 3482 l.
1135 3420 1224 3498 Apri·

118 3530 155 3591 lis
178 3526 280 3602 1725,
301 3527 502 3589 assidentibus
523 3526 652 3588 infulatis
672 3526 837 3617 Abbatibus
858 3527 1002 3590 llliohaele
1022 3530 1132 3607 notger
1152 3527 1223 3590 Tui·

118 3637 204 3698 tiensi
224 3639 254 3696 et
274 3635 431 3697 Edmucdo
452 3635 580 3696 Schmitz
602 3634 860 3710 Brauweilerdnei3
888 3637 1013 3698 alterum
1033 3636 1223 3700 Ambrosium

118 3743 236 3822 specht,
259 3744 297 3806 ll.
318 3743 441 3823 Augusti
455 3743 548 3806 175⁰.
572 3743 718 3818 Coloniae,
741 3745 941 3806 assistentibus
962 3744 1122 3809 nubentes
1133 3747 1224 3810 Fran·

94 3863 95 3868 ’
116 3856 197 3914 cisco
217 3853 287 3932 Spix
308 3853 344 3913 ad
360 3853 388 3914 S.
405 3851 566 3914 Martinum
584 3851 722 3915 Coloniae
742 3858 772 3915 et
789 3852 942 3914 Leonardo
959 3855 1067 3917 lansen
1093 3855 1223 3918 Koechl-

117 3961 257 4022 stedensi.
299 3960 411 4021 Eadem
433 3964 533 4022 munia
553 3960 644 4023 obivit
659 3962 688 4022 iu
704 3960 836 4040 Augusto
858 3961 948 4024 1761.
971 3967 1000 4025 in
1022 3963 1144 4026 Abbatia
1165 3965 1223 4026 Vc·

119 4069 192 4131 teris
211 4069 331 4149 Campi,
363 4069 413 4130 ubi
438 4074 469 4132 et
488 4069 636 4131 nonnullis
668 4070 789 4132 contulit
808 4071 839 4134 S.
866 4070 1099 4134 confirmationis
1119 4074 1221 4136 Sacra·

117 4181 260 4250 mantuan,
283 4178 404 4240 visitans
423 4177 512 4240 sinml
533 4179 657 4241 vicinam
678 4179 825 4242 civitatens
844 4180 1014 4255 Wesaham,
1035 4180 1085 4243 ubi
1106 4184 1136 4244 in
1147 4181 1221 4246 leste

120 4285 149 4348 8.
171 4285 315 4348 hominist
336 4287 414 4366 apud
428 4287 528 4348 eroa
548 4285 648 4349 Patres
667 4287 880 4351 Praedicatores
899 4287 1043 4352 &lemnia
1064 4292 1131 4370 egit.
1154 4293 1220 4372 lpse

121 4409 239 4474 quoque
266 4393 407 4475 singulari
433 4395 623 4470 documento,
651 4396 720 4460 dato
751 4395 775 4460 1.
795 4397 890 4478 April.
912 4397 1019 4472 tibh,
1046 4399 1219 4466 Venerando
