2832 4828
701 337 749 410 ib

166 537 244 598 xime
264 537 435 618 theologicis
454 543 514 602 tota
533 538 657 602 Saxonis
679 542 742 601 erat
762 537 994 602 celeberrimum.
1032 539 1150 604 Etenim
1164 535 1276 602 ‘Frtde-

165 646 242 706 ricus
263 645 343 710 Vlll.
362 645 485 710 Kalend.
507 645 665 710 Nouembr.
688 665 755 712 ann.
778 645 870 710 1062.
905 647 1006 710 indict
1032 650 1069 712 ll.
1095 647 1277 711 Ratisbdnae

164 753 258 818 adhuc
279 755 401 834 iungens
418 755 587 818 Cauceiiarii
609 775 731 818 munere
750 756 880 836 diploma
901 760 1057 834 recensuit,
1078 757 1156 838 quod
1177 761 1277 820 exsut

164 865 193 924 in
219 863 430 942 salisburgensi
459 864 615 944 Metropoli
645 883 710 944 pag.
730 865 813 928 aar.
843 865 926 928 Tom.
956 867 980 928 1.
1012 866 1097 928 Anno
1117 883 1196 928 aero
1226 883 1278 926 se·

166 975 265 1051 quenti
288 970 385 1036 tuot:
402 973 468 1036 Vll.
489 971 613 1034 Kalend.
637 973 735 1035 Martii
755 973 816 1052 jam
842 973 919 1036 alius
945 971 1117 1036 Ganeeilarii
1147 987 1276 1036 munere

164 1079 282 1167 iunctus
299 1079 540 1160 luuseprobatur
552 1101 589 1142 ex
608 1081 766 1161 diplomate
787 1081 981 1144 Einsidelensi
998 1081 1103 1143 Abboti
1121 1097 1274 1154 concesse,

165 1189 243 1269 quod
261 1189 298 1251 ab
318 1189 383 1268 ejus
405 1190 460 1251 loci
486 1191 600 1252 doctiss.
628 1189 765 1252 historico
793 1189 1005 1271 Christophoro
1033 1190 1213 1252 fflmanuc
1235 1193 1275 1252 ad

167 1297 277 1360 dictum
307 1315 415 1358 annum
447 1300 592 1363 recitatur.
642 1299 740 1379 Atque
768 1300 808 1360 ita
835 1299 864 1360 in
895 1298 1042 1361 Frideri'cc
1069 1298 1127 1360 boc
1152 1315 1273 1379 quoque

111 1455 114 1461 .
164 1408 277 1482 evenit,
299 1411 346 1479 ut,
367 1425 426 1486 quo
447 1412 579 1485 tempore
600 1407 806 1487 Episcopatum
826 1408 912 1481 adiit,
934 1407 1039 1472 eodem
1057 1406 1285 1470 cancellariam·

164 1513 307 1594 imperiali
324 1515 445 1588 abierit,
475 1515 554 1593 quod
575 1515 647 1577 olim
668 1517 889 1578 usitatissimum
910 1515 1017 1588 tuisse,
1048 1515 1182 1578 laudatus
1202 1519 1272 1576 ante

163 1623 368 1684 Reverendiss.
399 1621 574 1686 Malinckrot
600 1641 660 1686 non
692 1611 751 1686 unc
780 1623 844 1686 ioco
872 1627 949 1686 citati
971 1611 1069 1702 operis
1091 1625 1268 1688 observavit.

164 1727 256 1796 Porro
273 1731 392 1792 Roberti
409 1729 514 1810 bajus,
536 1732 572 1819 ds
591 1749 651 1810 quc
667 1731 715 1792 hic
736 1733 891 1812 praecipue
906 1750 1003 1795 sermo
1018 1736 1072 1808 est,
1095 1749 1202 1793 nomen
1220 1749 1270 1792 re·

163 1840 278 1918 peritur
301 1840 390 1900 etiam
410 1840 440 1901 in
461 1838 594 1918 cablogo
612 1840 825 1920 Episcoporum
846 1839 884 1901 ab
905 1859 980 1903 anno
1002 1839 1093 1902 tota.
1117 1841 1273 1920 usquead

162 1965 270 2010 annum
292 1946 383 2009 1075.
406 1947 624 2023 detunctorum,
654 1967 742 2029 quern
763 1967 784 2010 a·
803 1947 981 2012 Gundekaro
1001 1949 1149 2029 Episcopo
1170 1947 1268 2012 omis

162 2055 411 2118 ctumtlretserus
429 2057 459 2116 in
474 2053 698 2135 Eystetensibus
720 2055 905 2120 Praesnlibus
926 2058 1092 2138 publicarit.
1126 2057 1189 2120 sm
1205 2059 1272 2118 eni·'

161 2167 225 2225 tum
245 2167 343 2224 autem
364 2165 432 2226 anni
445 2161 534 2226 tatii.
556 2165 727 2252 uita-tuisse
746 2165 1055 2228 iunctumarbitr'atur
1067 2165 1161 2228 iliaci.
1180 2164 1270 2229 Scira-¹

161 2277 211 2334 ten
231 2272 313 2334 Tom.
336 2274 359 2334 l.
381 2272 485 2335 Annal.
508 2273 700 2348 Pederborn.,
732 2273 781 2336 ubi
810 2277 899 2336 etiam
929 2279 1157 2350 commemorat,
1187 2274 1272 2354 quod

162 2381 217 2444 sub
255 2385 321 2460 ipso
346 2371 416 2443 urbs
443 2381 625 2461 Mimigardia
654 2369 774 2462 propter
801 2387 944 2464 egregiam
976 2379 1054 2447 Cleri
1089 2383 1270 2463 disciplinam

163 2491 372 2555 Monasterium
392 2493 430 2552 sit
448 2491 569 2565 dicturo,
590 2495 681 2554 etsie
701 2493 788 2554 etiam
805 2491 1267 2578 EpiscopatusMonasteriensis.

225 2601 364 2680 Ejusdem
383 2599 543 2662 Hermanni
565 2599 683 2662 Nobilio
705 2602 885 2682 temporibus
915 2603 1064 2664 invenitur
1095 2601 1185 2662 itsi'sse
1200 2597 1271 2660 :Via

163 2715 257 2775 carius
279 2713 309 2772 in
331 2708 547 2772 Pontificalibus
565 2709 769 2790 Eugeihardus
794 2713 857 2773 sive
876 2698 1086 2791 lingel·bertds;
1108 2708 1269 2772 Mindensis

162 2823 335 2902 Episcopus,
357 2819 441 2900 eujus
459 2809 634 2880 cathedralis
652 2819 783 2881 Ecclesia
797 2837 865 2881 com
887 2821 1022 2882 omnibus
1043 2817 1221 2882 ornamentis
1239 2821 1270 2880 el

163 2931 305 3004 donariis3
328 2917 479 3010 praesente
502 2933 532 2990 et
552 2931 700 3008 spectante
720 2928 849 2992 ilenrico
870 2929 929 3002 itt,
953 2931 983 2990 in
1005 2929 1057 2990 dia·
1072 2925 1276 2990 &vincentii

163 3039 205 3101 M.
213 3037 308 3100 1061.
325 3041 510 3100 concremata·
519 3042 572 3100 est.
611 3036 655 3098 De
676 3035 741 3099 bcc'
752 3033 858 3117 legitur
877 3039 909 3098 iii
920 3041 1040 3100 uetusto
1059 3021 1159 3097 libello
1177 3034 1270 3096 Brau-

162 3146 314 3217 aderensi,
345 3145 424 3226 quod
438 3144 586 3224 Capella,
618 3149 766 3225 quaeest
795 3145 831 3206 iu·
850 3145 978 3221 ambitu,
1009 3149 1038 3206 in
1067 3143 1211 3206 honoiem
1233 3141 1269 3204 ‘S;
1402 3181 1403 3184 ,

162 3255 294 3318 Medardi
317 3259 482 3316 consecrata
508 3256 545 3316 sit
573 3255 649 3316 circa
672 3259 816 3332 'tempora
830 3253 993 3317 Hermanni
1021 3254 1057 3316 ll·
1085 3257 1116 3314 et
1129 3251 1287 3313 dedicata'

101 3397 104 3404 ·
162 3365 198 3427 ab
221 3365 407 3445 Eogelhardo
427 3365 602 3443 ⁴Episcopo,
625 3363 809 3426 coloniensis
829 3362 1049 3442 Archiepiscopi
1073 3360 1269 3440 suffraganeo,

163 3475 199 3536 ll.
222 3473 346 3536 Kalend,
366 3473 518 3534 Decembr.
540 3489 608 3540 ann.
629 3469 722 3534 1061.
753 3471 869 3534 ‘Deinde
889 3473 966 3535 idam
987 3489 1054 3556 cum
1076 3467 1105 3533 S.
1126 3469 1269 3551 dodone,

162 3585 374 3660 consanguineo
395 3599 459 3656 suo,
481 3581 610 3644 iuteriuit
631 3581 802 3645 dedicationi
824 3581 925 3662 templi
947 3579 1202 3643 Brauvilersnsis.·

225 3679 285 3754 Sub
303 3691 407 3752 codem
424 3689 549 3752 Annone'
558 3688 740 3766 Hetzelinus,
763 3690 914 3753 Searensis
924 3691 1099 3774 Episcopus,
1118 3680 1197 3750 vices
1213 3687 1271 3766 egit

164 3819 220 3862 non
246 3817 318 3861 unas
343 3801 372 3861 in
396 3789 597 3860 consecrandis
624 3797 705 3861 locis.
749 3800 808 3862 iste
828 3783 938 3874 tutem
967 3795 1080 3860 eodem
1095 3801 1270 3875 tempores

162 3926 215 3970 sua
235 3907 366 3970 Ecclesia
382 3906 475 3982 exsul,
497 3923 594 3968 moras
616 3909 703 3970 traxit
721 3909 751 3968 in
772 3905 934 3975 Germania.
976 3897 1167 3988 IuSyncdali
1191 3907 1269 3968 enim

163 4015 460 4104 Epistoladdalberti,
473 4015 939 4096 Hamburgensisdrchiepiscopi‚
954 3997 1079 4097 legimus
1096 4015 1175 4096 apud
1190 4013 1270 4080 Ada-

49 4177 51 4181 .
163 4146 250 4191 mum
268 4126 418 4189 Bremeos.
443 4125 506 4188 Lib.
533 4124 583 4187 lV.
606 4143 669 4206 cap.
691 4123 763 4192 42:
789 4123 900 4190 «Nunc
918 4126 1125 4191 fraternitatem
1143 4128 1270 4188 vestram

163 4239 253 4300 latere
279 4235 364 4310 noio,
394 4237 465 4316 quid
486 4235 638 4298 molestiae
659 4235 731 4298 mihi
752 4233 946 4298 adalwardus
970 4237 1134 4316 Episcopus
1157 4233 1269 4307 intulit,

164 4365 269 4427 quem,
292 4343 374 4410 vobis
395 4345 526 4434 testibus,
546 4345 599 4423 'qui
620 4342 684 4422 ejus
701 4344 872 4408 ordinationi
888 4343 1071 4420 interfuistis,
1094 4341 1271 4407 moctensis
