2832 4828
719 411 820 504 aa¹

194 613 320 689 quatuor
344 607 451 690 puellis
473 627 509 670 ex
536 625 588 671 sua
612 609 738 685 tamilla,
766 615 795 672 et
820 612 849 672 in
874 627 974 672 earum
999 611 1112 674 deiectu
1132 628 1169 674 ex
1187 615 1301 676 ciuitate

191 719 419 800 aquisgranensi
449 719 485 780 a'd
511 722 749 780 sustentationem
770 720 875 798 legavit
902 737 1029 782 marram
1054 725 1228 801 pensionem
1251 721 1301 789 st.
1404 809 1405 812 Ἴ

191 827 367 890 llorenorum
395 840 529 902 tursom,
551 845 640 905 quam
659 829 714 906 ipsi
729 827 845 890 solvere
868 829 990 890 debebat
1011 829 1119 893 Civitas
1139 831 1300 910 Aquisgra-

191 940 298 1000 nensis.
318 971 359 981 —
385 935 503 998 Annum
522 937 626 998 mortis
644 943 674 997 et
693 938 770 997 diem
790 938 901 998 discere
916 939 983 999 licet
1000 939 1111 1018 exejus
1139 939 1300 1019 epitaphio,

191 1049 268 1127 quod
284 1045 408 1107 habetur
429 1043 566 1106 Coloniae
584 1045 620 1106 ad
637 1045 666 1108 S.
686 1044 859 1107 Severinum
876 1047 905 1106 in
924 1049 990 1107 navi
1005 1047 1171 1109 Ecclesiae:
1193 1048 1301 1123 „Anno

191 1153 433 1218 Mutxxxvu.
460 1150 605 1232 trigesima
624 1153 716 1232 prima
733 1151 803 1214 lulli
820 1153 891 1215 olsiit
907 1155 1109 1218 Reuercnrliss.
1122 1158 1161 1218 in
1181 1147 1301 1222 Christo

189 1265 274 1327 Pater
298 1267 328 1324 et
352 1263 493 1325 Dominus
516 1260 699 1322 'theobaldus
726 1259 879 1336 Craschel,
907 1259 957 1325 88.
978 1263 1152 1344 Theologiae
1180 1265 1300 1342 Ductor,

188 1373 351 1453 Episcopus
367 1371 549 1452 Cyrenensis,
569 1369 816 1432 Reverendissimi
834 1368 1053 1450 llrclriepiscopi
1068 1371 1172 1435 Colon.
1185 1375 1299 1438 Suilla-
1406 1375 1407 1384 ’

188 1501 312 1561 genens,
336 1481 499 1543 Canonicus
521 1482 619 1540 senior
641 1477 727 1557 huprs
748 1479 960 1556 Ecclesiae⁸‘¹).

397 1671 513 1735 XXllI.
556 1670 804 1734 LAURENTIUS
829 1671 1083 1735 CYRENENSlS.

249 1808 423 1870 Laurentius
443 1805 597 1879 Fabritius,
620 1804 817 1884 Undingensis‚
835 1803 883 1868 SS.
896 1803 1071 1886 Theologiae
1090 1808 1208 1884 Decios,
1226 1811 1298 1890 Epi·
1405 1763 1408 1855 l

187 1935 292 1998 scopus
319 1917 511 1996 Cyrenensis,
541 1913 687 1992 quondam
709 1911 828 1976 loannis
853 1914 1025 1990 Wilhelmi,
1053 1918 1297 1982 administratoris

186 2025 433 2097 Monasteriensis‚
449 2023 632 2102 Capellanus,
650 2041 708 2102 quo
724 2028 858 2102 ternpore
870 2043 937 2086 oum
953 2027 982 2086 in
996 2043 1063 2086 eam
1078 2027 1181 2088 urbem
1195 2032 1296 2090 uenis·
1408 2047 1410 2066 ³

186 2139 231 2198 set
246 2135 374 2196 Societas
392 2135 471 2207 lesu,
488 2138 517 2194 et
535 2132 645 2194 famoso
662 2131 760 2194 libello
776 2133 985 2208 traduceretur,
998 2137 1113 2214 scripsit
1129 2139 1296 2214 germanice

186 2245 365 2324 apologiam:
396 2239 631 2320 „Cegenlnericht
653 2241 712 2300 und
736 2239 916 2302 christliches
941 2242 1071 2304 Examen
1097 2245 1151 2306 des
1177 2245 1297 2308 Liister·

186 2351 278 2415 buchs
299 2351 521 2414 lliinstersohen
543 2351 713 2428 {inquisition
740 2354 854 2427 genunt,
877 2351 1003 2412 welclres
1024 2369 1101 2416 anno
1123 2352 1215 2414 1583.
1239 2357 1296 2416 den

52 2467 54 2474 '
186 2460 236 2522 83.
259 2461 422 2522 December
444 2478 480 2520 zu
503 2458 652 2530 Miinster,
683 2457 860 2519 n'achtlichcr
881 2459 962 2522 Weil
984 2461 1013 2520 in
1037 2459 1185 2536 Hseuser‚
1218 2463 1296 2524 auch

185 2570 303 2632 Fabritii
324 2567 452 2630 selbsten
476 2563 548 2627 Hotl
565 2565 721 2645 geworffen
742 2567 822 2628 stand
842 2573 1068 2647 aussgesprengt
1087 2569 1137 2630 hat
1160 2571 1208 2630 ein
1228 2589 1296 2633 ver-

185 2678 329 2740 liirischer
352 2675 502 2740 Calvinist.
532 2675 668 2736 Dedicata
690 2678 735 2735 est
754 2675 885 2754 apologia
914 2677 1017 2737 loanni
1039 2675 1213 2748 wilhelmo,
1234 2679 1296 2740 Ad-

186 2788 373 2849 ministratori
394 2787 587 2865 Episcopatus
606 2783 842 2846 Monasteriensis
854 2801 888 2844 ac
902 2785 974 2845 lluci
989 2784 1109 2854 Cliniae,
1120 2785 1215 2846 Juliae
1226 2791 1294 2862 eta,

185 2915 261 2958 anno
283 2893 374 2956 1581.
398 2893 447 2954 31.
470 2893 555 2966 Julii,
586 2909 620 2952 ac
641 2896 717 2971 typis
744 2895 830 2954 etiam
853 2893 992 2956 Coloniae
1013 2895 1127 2973 vulgata
1148 2913 1225 2958 anno
1245 2915 1294 2958 se-

186 3005 295 3083 quenti.
319 3003 430 3064 Auctor
451 3013 522 3062 uero
543 3001 611 3062 boni
633 3002 729 3078 operis
758 3003 786 3062 in
818 2999 967 3062 Pastorem
996 3001 1025 3063 S.
1045 3001 1151 3064 Albani
1173 3008 1204 3066 et
1224 3005 1291 3067 Me·

185 3111 375 3190 tropoli'tanae
402 3110 548 3172 Ecclesiae
573 3107 753 3170 Coloniensis
784 3107 962 3171 Canopicum
991 3089 1191 3191 presbyterum
1220 3133 1291 3192 pro·

185 3225 300 3296 motus,
329 3235 405 3281 anno
434 3220 554 3280 demum
577 3216 666 3278 1588.
686 3218 734 3279 ¹die
750 3218 786 3278 ¹7.
808 3218 932 3297 Augnssti
963 3226 1146 3282 consecratus
1163 3223 1195 3282 in
1218 3223 1292 3302 Epi·

183 3347 304 3408 scopum
326 3327 525 3409 Cyrenensem
546 3345 563 3387 a
585 3325 757 3400 Coriolano,
790 3327 936 3405 Episcopo
963 3327 1145 3402 nosocomi,
1178 3330 1290 3394 Nuntio

182 3440 366 3518 Apostolico,
388 3455 422 3498 ac
443 3435 579 3509 Henrico,
606 3435 792 3513 suffraganeo
813 3435 941 3514 Spirensi
963 3443 1017 3498 eto.
1069 3438 1142 3516 Ejus
1161 3457 1290 3518 operum

183 3567 241 3609 non
271 3551 453 3624 postremum
483 3549 543 3617 est,
576 3543 654 3622 quod
685 3541 814 3603 scholam
842 3534 1052 3622 Urdingensem
1080 3547 1157 3624 apud
1185 3546 1290 3608 Castra

183 3655 312 3718 Ordeoni
341 3653 482 3728 laudarit,
512 3649 671 3712 Professori
698 3651 860 3712 necessaria
890 3653 1019 3730 impensa
1040 3654 1220 3730 ministrata3
1251 3655 1288 3715 ad

182 3763 267 3843 plura
289 3763 460 3840 praestanda
481 3766 592 3822 tanturn
614 3764 730 3838 tempus
751 3775 819 3819 eum
842 3759 953 3820 deiecit.
997 3761 1135 3839 Sepultus
1157 3767 1288 3824 estante
1409 3775 1410 3828 l

182 3870 424 3950 Metropolitanus
446 3869 534 3930 Aedis
555 3867 694 3930 Coloniae
715 3866 881 3944 Capellam,
914 3884 988 3949 quae
1017 3870 1121 3932 dicitur
1141 3871 1286 3934 Walrarni

182 3980 411 4060 archiepiscopi,
434 3977 581 4058 epitaphio
600 3976 657 4039 hoc
678 3977 836 4055 inscripto:

218 4227 245 4290 1)
264 4227 323 4290 Ipse
341 4237 442 4286 quoquc
458 4223 535 4284 iussu
554 4220 619 4274 sixti
637 4219 722 4282 Papae
739 4219 772 4271 V.
791 4221 961 4274 serenissimo
979 4221 1046 4275 linei
1063 4223 1147 4276 Iuliae
1165 4231 1191 4276 et
1208 4227 1283 4280 Mon·

271 4323 334 4372 tium
352 4319 450 4372 Joanm
464 4317 606 4376 wilhelmo
623 4313 729 4368 tradidit
747 4325 851 4368 auream
871 4317 969 4371 Rosam
988 4331 1002 4370 a
1021 4317 1090 4383 Papa
1108 4321 1227 4373 missam.
