2832 4828
652 403 698 466 25

188 593 235 656 Slo
256 612 373 674 quoque
396 593 583 669 bertramus,
611 593 787 658 lietensium
810 589 987 673 Episcopus,
1022 593 1163 656 referente
1192 593 1228 654 ad

122 702 306 764 aun.118l¹.
341 703 497 764 Godeirido
530 703 674 766 Monaoho
706 701 915 774 pantaleonita,
948 701 1026 781 quod
1047 699 1228 772 Volmanrm‚

123 815 224 870 contra
245 811 423 872 voluntatem
453 813 638 889 imperatoris
660 827 677 870 a
697 807 775 888 Papa
803 814 1002 871 consecratum
1029 809 1229 872 'trevirensem

123 917 395 998 Arobiepiscopum,
419 918 546 996 bospitio
567 921 704 996 suscepit,
730 924 759 978 et
780 919 858 996 quod
879 917 1030 997 Synodum
1052 917 1115 996 ejus
1136 920 1229 978 dictus

123 1030 172 1086 est
182 1026 299 1099 adiisse,
321 1043 374 1104 per
384 1026 564 1088 Wemerum
583 1027 619 1089 de
635 1025 748 1099 Bolani,
762 1028 899 1088 nuncium
910 1027 1105 1105 Imperatoris,
1122 1027 1230 1105 ejectus

123 1135 162 1197 de
184 1135 370 1212 Episcopatu,
392 1131 531 1195 Coloniae
551 1135 628 1214 apud
650 1134 682 1202 S.
692 1133 866 1206 Gereonem,
888 1133 937 1195 ubi
959 1135 1046 1196 etiam
1067 1133 1230 1196 Canonicus

124 1247 192 1304 aule
214 1242 276 1316 luit,
298 1243 428 1321 privatus
448 1244 529 1304 vixit.
578 1242 635 1306 Sed
656 1241 693 1304 de
714 1259 760 1314 eo,
781 1245 823 1302 uti
846 1243 882 1304 de
903 1243 1043 1318 Marsilio,
1065 1243 1145 1304 nulla
1164 1241 1229 1304 Sui·

124 1349 251 1429 traganei
272 1353 401 1412 muneris
427 1355 505 1412 certa
533 1356 721 1413 monumenta
750 1356 865 1428 praeter
893 1351 1029 1412 credendi
1057 1354 1229 1430 pronitatem

124 1459 229 1520 ailerre
250 1475 417 1536 possumus.
461 1457 556 1520 Immo
585 1457 762 1536 probabilius
784 1464 843 1531 est,
869 1457 1040 1536 principales
1070 1458 1229 1520 functiones

97 1645 100 1650 Ι
122 1564 305 1646 pontificales
325 1583 443 1644 semper
467 1568 633 1628 exercuisse
655 1565 815 1628 ordinarios
836 1563 1005 1628 Provinciae
1019 1566 1229 1645 suffraganeos,

123 1675 175 1752 qui
196 1676 227 1734 et
248 1675 344 1753 ipsum
358 1671 574 1751 Metropolitam
595 1689 767 1734 consecrare
788 1674 865 1736 soliti
886 1680 985 1748 erant;
1005 1675 1042 1736 ab
1063 1675 1121 1736 illis
1140 1678 1228 1748 enirn,

121 1783 176 1861 qui
197 1783 277 1844 vices
302 1785 455 1859 gesserunt
481 1779 791 1859 nrcbiepisooporum,
825 1779 953 1860 profugis
974 1783 1144 1861 Episcopis,
1175 1797 1229 1844 ceu

121 1887 359 1952 extraordinariis
385 1887 522 1962 vicariis,
556 1889 750 1950 ordinationes
778 1887 1017 1968 Presbyterorum
1044 1895 1097 1952 aut
1124 1891 1228 1953 Diaco-

122 2014 229 2060 uorum
249 2013 390 2076 umquam
413 1995 502 2056 luisse
524 1993 627 2082 factm,
649 1995 699 2058 vix
720 1995 859 2080 legimus,
886 1999 961 2058 siout
981 1997 1123 2075 ejusmodi
1145 2019 1230 2060 exer·

121 2105 225 2168 uitium
253 2121 307 2164 neo
333 2101 444 2164 licitum
465 2101 520 2162 luit
541 2101 612 2164 olim
633 2101 856 2182 Cborepiseopis
875 2109 926 2166 aut
945 2106 1016 2183 ipsis
1036 2109 1229 2170 exauctoratis

123 2211 331 2289 Metropolitis.
373 2209 483 2272 Mirum
506 2211 624 2288 quidem
645 2211 741 2272 visum
763 2215 813 2272 est
828 2211 990 2286 nonnullis,
1010 2217 1229 2276 exauctoratum

123 2313 386 2397 Arcbiep'isoopum
412 2315 582 2395 Adolpbum
603 2315 809 2380 Coloniensem
836 2319 915 2381 vices
936 2317 1103 2398 Engelberti
1124 2321 1228 2384 Arabi-

124 2427 254 2506 episoopi
276 2425 393 2500 obiisse,
411 2425 474 2500 sed,
495 2427 574 2505 quod
595 2425 669 2488 bene
687 2428 845 2488 notandum
867 2431 920 2500 est,
943 2445 1001 2490 non
1023 2429 1052 2488 in
1063 2429 1231 2490 ordinandis

125 2533 306 2616 presbyteris
326 2537 378 2594 ant
397 2532 583 2609 diaconibus,
613 2535 665 2600 sed
687 2540 799 2596 tantum
819 2535 850 2597 in
870 2536 1072 2598 consecrandis
1092 2536 1231 2600 Ecclesiis

124 2648 178 2706 aut
197 2641 358 2706 Altaribus.
387 2640 460 2702 Nam
482 2647 516 2703 ut
536 2644 565 2703 in
586 2641 733 2704 Abbatum
753 2641 1018 2706 Brauvilerensium
1037 2643 1157 2708 historia
1179 2645 1231 2707 ba·

125 2753 213 2820 betur
243 2750 322 2829 apud
352 2748 507 2812 Gelonium
524 2748 569 2832 Ἲς
600 2749 784 2828 „Adolpbus
811 2751 1070 2832 Arebiepisoopus,
1101 2755 1152 2832 qni
1178 2753 1232 2814 iuit

125 2858 206 2921 filius
238 2857 384 2920 Brunonis
406 2849 471 2932 lit,
497 2857 715 2938 Arcbiepiscopi
736 2855 931 2934 Coloniensis,
958 2863 1135 2923 consecravit
1155 2881 1231 2922 anno

124 2965 282 3030 MCCXX.
303 2965 404 3026 Altare
424 2964 598 3026 Sanctarum
621 2967 769 3046 Virginum
791 2967 821 3028 in
843 2972 958 3047 crypta,
977 2969 1055 3048 quod
1078 2963 1147 3031 olim
1170 2975 1232 3030 erat

124 3075 227 3137 Altare
246 3073 277 3136 S.
298 3073 430 3136 Thomas
451 3071 621 3150 Apostoli.“
656 3074 793 3136 Attamen
815 3072 890 3136 hano
910 3076 1046 3154 Adolpho
1072 3077 1232 3156 specialem

123 3182 310 3244 innocentius
319 3178 398 3258 Papa
409 3180 462 3242 lIl.
481 3179 600 3264 largitus
620 3185 666 3241 est
685 3199 722 3242 ex
743 3181 919 3261 indulgentia
937 3182 1118 3246 laenitatem:
1143 3185 1231 3256 „Post

123 3291 251 3368 rigorem
269 3287 396 3367 justitiae
417 3287 469 3350 tibi
490 3305 586 3348 rorem
608 3288 822 3352 misericordiae
847 3289 988 3352 instillare
1011 3290 1150 3361 volentes,
1172 3290 1232 3350 ira-

124 3387 254 3460 ternitati
280 3401 347 3457 tuae
368 3393 540 3456 auctoritate
561 3397 758 3472 praesentium
789 3397 990 3476 indulgemus,
1020 3403 1070 3471 ut,
1098 3415 1167 3458 eum
1193 3397 1230 3458 de

125 3505 263 3567 mandato
283 3507 382 3566 nostro
413 3521 470 3564 non
491 3501 580 3564 iueris
605 3501 762 3582 pontificali
784 3505 884 3566 ordine
905 3505 1094 3584 degradatus,
1120 3507 1173 3568 sed
1193 3506 1232 3566 ab

123 3609 221 3675 officio
242 3615 354 3684 tautum
377 3607 531 3688 pontificali
553 3615 699 3685 remotus,
730 3611 817 3672 ,beent
837 3611 889 3673 tibi
920 3629 988 3674 cum
1020 3613 1230 3692 pontificalibus

123 3719 290 3794 celebrare,
320 3717 411 3796 pallio.
437 3717 575 3780 duntaxat
597 3723 734 3796 excepto,
765 3725 850 3780 etex
872 3721 1064 3800 permissione
1085 3721 1230 3785 Pontifiois

124 3825 312 3900 velAbbatis,
333 3827 363 3886 in
383 3825 608 3904 cuiusDioecesi
626 3825 832 3888 velCoenobio
854 3825 943 3888 lucris
960 3832 1140 3904 constitutus,
1163 3829 1228 3891 Cle·

124 3939 200 3998 rinos
223 3935 270 3998 rel
291 3933 447 3996 monachos
468 3933 518 3994 tibi
539 3937 677 3996 canonice
694 3939 894 4015 praesentatos
914 3937 950 3998 sd
967 3939 1095 3999 minores
1104 3938 1228 3999 Ordines

124 4061 308 4124 promovere,
328 4041 498 4103 benedicere
519 4047 615 4104 vestes
638 4049 667 4104 et
691 4061 760 4104 vasa
781 4049 914 4106 merare‘
931 4041 965 4124 ²).
1009 4045 1109 4107 Talem
1130 4052 1230 4107 autem

130 4177 459 4196 W

163 4251 191 4312 i)
209 4250 306 4300 ilistor.
325 4249 352 4298 S.
373 4249 529 4311 Engolberti.
548 4263 603 4312 pag.
623 4251 681 4300 308.

160 4345 188 4406 2)
205 4345 289 4408 Epist
307 4344 451 4396 lnnosentii
471 4345 517 4394 111.
537 4347 597 4396 177.
615 4350 687 4398 Tom
709 4349 741 4396 ll.
761 4349 822 4400 odit.
842 4347 948 4398 baluzii.
969 4360 1024 4410 pag¹
1044 4347 1104 4400 tao.

1231 3992 1250 4054 d
