2832 4828
196 573 286 651 „llos
301 573 429 639 Carolus
449 573 585 656 Aloysius
604 574 784 663 Elinigsegg‚
806 574 835 636 S.
856 575 893 638 u.
915 574 940 637 l.
956 571 1072 648 Comes,
1095 572 1239 636 usurum

132 685 162 747 ln
184 685 347 747 Aulendorl
364 689 395 746 et
413 684 550 757 Staulieu,
572 681 627 744 Dei
648 687 678 744 el
698 681 882 761 Apostolioae
902 681 986 743 Sedis
1006 684 1095 760 gralia
1114 681 1238 760 Episco-

134 811 190 875 pus
211 793 405 874 liptinensis,
436 790 677 870 Metropolitanus
696 790 865 852 Electoralis
886 790 1033 852 Ecclesiae
1055 787 1239 852 coloniensis

133 901 266 962 Decanus
287 905 317 962 et
338 899 518 979 Capellarius
536 899 640 978 Major,
662 917 715 960 nec
736 898 1031 961 nonArcbldiacouus
1051 897 1239 962 Novaniensis

135 1015 165 1071 et
185 1010 306 1071 illustris
334 1009 479 1087 equestris
506 1007 625 1068 Ordinis
655 1005 857 1092 Sgblicbaelis
883 1006 1123 1081 Commendalor,
1153 1008 1237 1069 Euri·

133 1118 295 1178 nentissimi
326 1133 359 1176 ac
380 1115 624 1177 Reverendissimi
653 1113 793 1191 Principis
822 1131 855 1175 ac
883 1115 1015 1187 Domini,
1047 1107 1237 1178 Maximilia'ui

135 1225 282 1298 Frislerr'ci,
303 1223 520 1300 Archlepiscopi
541 1239 574 1282 ac
584 1220 725 1299 Principis
745 1223 887 1284 Electoris
904 1221 1087 1284 Coloniensis
1108 1228 1163 1286 etc.
1185 1240 1238 1302 par

132 1333 279 1394 civitatem
304 1337 333 1391 et
354 1329 587 1406 Archidioecesin
608 1327 813 1390 coloniensem
835 1330 1039 1409 Suffraganaus
1060 1336 1089 1392 el
1107 1329 1238 1397 vinarius
1326 1345 1330 1354 ·

132 1443 162 1503 in
183 1437 399 1502 Pontificalibus
419 1435 579 1498 Generalis.
634 1434 783 1520 Universis
810 1441 840 1498 el
860 1439 981 1517 singulis
1002 1445 1171 1517 praesentes
1190 1441 1238 1504 lit·

135 1554 212 1610 teras
233 1548 404 1627 inspecturis
429 1549 530 1607 nolum
556 1543 703 1622 [idemque
724 1521 863 1618 iacimus,
896 1545 959 1607 Nos
979 1559 1054 1607 sono
1076 1546 1167 1609 1770.
1190 1549 1237 1622 slis

132 1659 188 1720 lx.
209 1654 371 1734 Septembr.
394 1655 424 1714 in
436 1651 559 1715 Civitate
569 1651 743 1725 Coloniensi,
765 1652 901 1713 adhibitis
923 1655 952 1713 in
974 1651 1129 1732 pontificali
1152 1665 1236 1735 pras·

130 1766 246 1844 scriptis
276 1761 465 1824 caeremoniis
493 1766 522 1820 el
543 1759 790 1833 solemnitatibus,
812 1759 848 1820 ad
871 1759 1012 1838 majorem
1031 1761 1084 1823 Dei
1105 1762 1236 1842 gloriam,

130 1872 239 1936 Christi
260 1871 390 1932 fidelium
412 1869 573 1932 devotionis
592 1869 819 1941 incrementum,
848 1884 1033 1930 consecrasse
1052 1871 1092 1930 in'·
1105 1871 1238 1934 Ecclesia

130 1982 187 2044 EF.
222 1980 371 2042 blinorurn
403 1979 637 2040 llecolleotorum
665 1993 720 2037 seu
746 1977 897 2038 strictioris
918 1977 1128 2039 observentias
1158 1979 1237 2040 Con·

131 2093 238 2152 ventus
259 2089 440 2151 Coloniensis
460 2090 589 2166 quinque
611 2085 735 2147 Altaria:
758 2103 849 2146 unum
869 2085 963 2164 majus
985 2088 1014 2147 in
1036 2085 1177 2148 bonorem
1190 2089 1234 2151 Sa

131 2197 279 2260 Trinitatis
315 2200 345 2258 et
371 2197 402 2257 S.
424 2194 543 2273 Agnetis
565 2195 600 2256 V.
622 2199 652 2254 et
671 2191 723 2267 nt,
750 2193 895 2271 praefatae
916 2195 1064 2256 Ecclesiae
1084 2195 1235 2271 Patronus,

133 2307 184 2370 SS.
207 2306 285 2367 Petri
307 2309 336 2366 et
357 2301 438 2364 Pauli
467 2302 702 2380 Apostolorum,¹
719 2302 748 2364 S.
770 2300 1008 2375 bonaventurae,
1041 2303 1071 2364 S.
1095 2295 1236 2367 Lurlovici
1285 2299 1288 2303 ’

129 2415 284 2492 Episcopi,
313 2413 342 2474 S.
364 2411 536 2472 Bernardini
558 2414 587 2470 et
607 2411 637 2472 S.
659 2409 978 2488 Joaunis·Caplstrani;
1008 2412 1169 2472 secundum
1191 2412 1234 2474 la-

65 2599 71 2608 ,
129 2522 220 2586 torale
240 2523 276 2582 ad
297 2537 387 2580 cornu
405 2519 572 2597 Evangelii,
589 2533 705 2578 summo
726 2519 905 2594 proximius,
927 2520 956 2578 in
975 2517 1116 2580 bonorem
1133 2523 1236 2584 imma·

130 2631 244 2693 culatae
256 2627 459 2705 Conceplionis
476 2625 509 2684 Β.
528 2625 637 2686 blariae
661 2625 707 2700 V.,
726 2625 755 2686 S.
774 2625 903 2701 losepbi,
923 2626 972 2687 SS.
989 2625 1111 2688 Ursulae
1133 2633 1163 2689 et
1179 2630 1234 2691 So-

131 2736 378 2814 detruncasset
397 2734 426 2796 S.
445 2733 548 2796 Clarae
567 2733 664 2811 Virga
684 2734 801 2794 tertium
821 2733 938 2794 laterala
958 2735 993 2794 ad
1011 2751 1100 2796 cornu
1118 2737 1235 2813 Episto-

129 2847 185 2920 lae,
204 2863 322 2906 summo
342 2844 518 2922 proximius,
539 2843 727 2902 inhonorem
747 2842 775 2902 S.
793 2837 911 2902 Antonii
930 2840 1076 2915 Paduani3
1099 2849 1235 2922 quartum

129 2953 250 3016 laterale
272 2953 308 3012 ad
328 2967 418 3012 cornu
433 2949 603 3028 Evangelii,
627 2949 757 3010 secundo
772 2952 956 3026 proximum,
977 2953 1005 3010 in
1027 2950 1165 3012 bonorem
1182 2949 1235 3022 SE.

128 3062 273 3124 Francisci
293 3059 459 3138 Scrapbtci,
482 3062 617 3136 quintum
643 3057 761 3119 laterale
784 3059 821 3119 ad
847 3077 937 3120 cornu
958 3052 1235 3138 Epistolaa,lertio

129 3171 314 3250 proximum,
339 3166 530 3228 inhonorem
553 3167 581 3227 S·
601 3165 721 3227 loannis
747 3166 965 3242 Nepomuceni;
988 3168 1019 3228 in
1038 3169 1133 3246 iisque
1155 3167 1235 3231 lielt-

128 3277 212 3355 quias
232 3277 269 3336 oe
288 3275 430 3336 mucan
444 3274 473 3335 S.
487 3271 608 3336 Ursulae
630 3263 665 3332 V.
679 3277 709 3332 et
730 3272 771 3333 Μ.
791 3274 920 3352 aliasque
941 3274 1131 3353 Reliquiasin
1150 3278 1233 3338 rllta-

128 3381 376 3446 ribusdemolitis
405 3386 533 3459 reperias
563 3381 731 3450 inclmisse,
755 3367 934 3460 singulisque
962 3380 1069 3443 Cbristi
1098 3382 1234 3446 fidelibus

128 3489 326 3553 bodie'unum
349 3504 457 3551 aunum
483 3495 513 3550 et
540 3492 574 3550 in·
594 3491 641 3550 die
663 3477 860 3550 anniversario
885 3491 1111 3551 consecrationis
1135 3491 1234 3570 brius·

128 3601 207 3662 modi
230 3603 323 3676 ipsam
339 3601 400 3678 jum
420 3599 526 3660 dictam
545 3597 707 3660 Ecclesiam
722 3598 903 3659 visitantibus
918 3599 1180 3678 quadraginlarlies
1197 3600 1234 3662 de

127 3725 198 3770 vera
213 3705 390 3784 indulgentia
408 3705 544 3767 informa
562 3706 711 3767 Ecclesiae
734 3711 872 3768 consueta
888 3705 1074 3769 concessisse.
1116 3707 1150 3771 ln
1162 3727 1235 3788 spuo-

126 3830 193 3877 rmn
215 3815 302 3875 naun
320 3820 487 3892 praesentes
504 3833 557 3893 per
573 3813 912 3876 nostrum'Secretarium
927 3817 1076 3893 expediri,
1094 3822 1124 3878 et
1146 3830 1234 3882 mauu

126 3925 246 4006 propria
272 3923 449 3999 subscriptas
468 3923 554 3984 olllcii
576 3924 664 3984 nostrl
684 3923 779 4002 sigillo
796 3921 939 4003 jussimus
959 3927 1141 3987 communiri.
1186 3927 1233 3988 ili·

126 4037 247 4112 guatum
272 4031 410 4094 Coloniae
434 4031 481 4092 die
499 4047 575 4096 unna
601 4030 782 4108 Septembris
808 4031 899 4094 1770.
947 4027 1068 4092 Carolus
1088 4029 1232 4116 aloysius,

127 4135 291 4222 Episcopus
314 4137 500 4219 Myrinensis,
522 4138 729 4223 Supioponear
751 4136 859 4213 Colore,
880 4137 961 4218 Mpp.
983 4169 1024 4185 -
1045 4139 1091 4201 Ad
1113 4141 1234 4204 mansla-

129 4252 193 4309 lum
212 4247 415 4340 Revesrndiss.
433 4252 462 4308 et
478 4247 682 4309 Excellentiss.
702 4247 757 4308 Dni
776 4249 968 4325 suffraganei:
987 4244 1128 4312 mouns
1151 4247 1233 4312 Mid-

113 4355 267 4435 gersdorf,
286 4355 480 4464 gecrelarim,
501 4374 582 4437 mpp.
604 4389 660 4432 -Ν
684 4356 817 4436 Sigillu-
841 4368 979 4434 magnum
1004 4359 1034 4418 iu
1059 4371 1232 4440 perfflmeuo

1013 4462 1035 4526 7
