2832 4828
170 1222 362 1344 mc
392 1150 1117 1366 Pmourlscorus
1206 1375 1212 1381 ,

631 1439 712 1496 stru

152 1599 634 1682 sur-raccaredus
667 1588 1215 1698 concurreramus.
1288 1617 1295 1636 ·

564 1779 779 1798 w

531 1913 751 1990 mum
769 1915 812 1988 1.

178 2095 220 2142 DE
250 2097 421 2156 detodoris,
451 2097 700 2156 CHOREPssfflPIS,
729 2097 882 2145 urlscoels
912 2094 1102 2142 viulandus
1130 2095 1169 2140 ET

289 2198 501 2262 ductortuus,
523 2200 822 2258 murmurandum,
843 2196 1054 2244 Tirocinium.

117 2452 277 2576 Episcopi
293 2513 410 2571 nomen,
431 2497 510 2578 quod
530 2497 609 2578 apud
631 2502 755 2574 veteres,
773 2501 834 2560 tam
854 2492 996 2578 sacros¹),
1017 2509 1106 2574 quam
1127 2489 1224 2570 prola·
1247 2487 1252 2498 ’

117 2621 171 2664 nos
185 2601 231 2682 ²),
265 2605 360 2668 varias
380 2605 569 2686 diversasque
599 2605 736 2668 habuisse
764 2607 895 2668 noscitur
915 2601 1154 2686 significationes,
1185 2598 1222 2662 rb

115 2711 283 2790 Apostolica
306 2717 400 2776 celate
420 2715 584 2794 specialiter
603 2713 777 2798 Rectoribur
803 2713 950 2792 primariis
973 2710 1171 2776 Ecclesicrum
1192 2712 1223 2771 et

117 2818 284 2882 Pastoribus
301 2821 441 2883 tributum
459 2840 524 2884 esse
540 2823 713 2884 invenimus.
745 2821 816 2885 Mox
837 2823 926 2896 enim,
944 2837 1012 2882 cum
1032 2819 1122 2882 ludas
1143 2818 1222 2880 locc-

116 2930 221 3003 riores,
250 2947 326 2992 unus
353 2949 388 2992 ex
417 2930 586 3006 duodecim,
616 2930 721 3012 laqueo
749 2948 782 2994 ee
805 2930 990 3010 suspenderit
1017 2929 1222 3008 crepueritque

116 3036 247 3109 medius,
268 3041 375 3100 caeteri
393 3037 526 3118 Apostoli
547 3044 747 3102 convenerunt
767 3041 923 3114 inunum,
945 3038 1065 3101 electuri
1086 3036 1151 3100 loco
1167 3036 1222 3100 Ju-

116 3145 171 3206 dae
193 3145 301 3220 alium,
323 3147 375 3226 qui
393 3145 477 3226 juxta
504 3146 613 3210 Psalm.
634 3147 738 3210 CVlll.
768 3149 831 3228 ejus
859 3147 979 3228 accipiat
1005 3144 1221 3228 Episcopum,

116 3254 146 3316 id
169 3259 229 3326 est,
252 3256 444 3318 ministerium
465 3259 495 3317 et
516 3255 736 3336 praefecturam.
765 3254 881 3332 Paulus,
900 3257 1029 3336 gentium
1055 3256 1166 3330 doctor,
1179 3257 1221 3346 'ad

115 3363 304 3427 Timotheum
325 3365 471 3428 scribens:
494 3363 529 3428 Si
549 3367 614 3446 poia
629 3363 838 3450 Episcopatum
852 3365 1005 3440 deciderat,
1026 3365 1132 3426 boccum
1151 3384 1223 3444 opus

117 3473 271 3560 dqaidcroa
294 3473 307 3536 l
327 3472 454 3535 Timoth.
476 3474 527 3548 ΙΙΙ,
551 3473 589 3548 1.,
607 3491 661 3554 per
680 3473 755 3538 hauc
770 3492 871 3560 vocem
888 3473 958 3538 nihil
979 3473 1058 3538 aliud
1080 3451 1221 3554 intelligit,

117 3597 207 3662 quam
229 3599 401 3662 supremum
423 3583 452 3642 ic
474 3581 604 3646 Ecclesia
625 3584 837 3658 ministerium,
859 3585 934 3646 sicut
962 3588 992 3646 et
1013 3581 1078 3646 aliis
1100 3583 1130 3644 in
1151 3583 1223 3646 locir

115 3692 303 3770 Praepositos
324 3686 631 3773 nominatEpirccpcc,
652 3691 718 3755 Act.
733 3690 805 3764 XX,
825 3689 887 3764 28..
908 3689 1015 3772 Philip.
1037 3693 1059 3767 Ι,
1083 3691 1121 3768 Ι.,
1142 3693 1156 3755 Ι
1173 3691 1223 3754 Ti·

116 3799 208 3864 moth.
226 3800 279 3874 ΙΙΙ,
295 3799 337 3873 3.,
358 3798 414 3861 Tit.
438 3799 461 3874 1,
472 3798 503 3861 ’1.
526 3787 608 3862 Unde
624 3797 681 3864 hoc
697 3819 811 3874 nomen,
829 3800 998 3882 Apostolico
1020 3818 1076 3864 usu
1097 3799 1222 3864 sanctifi-

115 3913 223 3984 catum,
245 3911 313 3990 quia
335 3913 365 3973 et
393 3924 501 3970 munus
522 3911 551 3970 et
578 3909 687 3978 ordinis
708 3909 830 3989 gradum
852 3910 962 3990 optime
984 3910 1138 3990 exprimit,
1152 3934 1154 3938 ·
1167 3910 1223 3972 cd·

123 4045 424 4060 m

153 4120 179 4182 1)
199 4120 271 4174 conc.
288 4119 325 4171 11.
344 4119 491 4187 uscrpxr,
509 4117 554 4171 m.

151 4213 182 4281 2)
200 4215 267 4270 Vide
285 4215 459 4280 Becareptcm
476 4215 611 4270 observat.
630 4215 657 4266 iu
675 4213 739 4270 Can.
759 4217 780 4270 Ι.
799 4214 900 4281 apost..
929 4205 1048 4268 Peorroa
1065 4201 1092 4266 io
1110 4213 1221 4279 Epistol.

205 4311 296 4374 ignat..
315 4309 423 4376 Noorrp
431 4309 554 4376 Apparet
574 4310 739 4366 adliitllotlc
748 4301 818 4366 Patr.
836 4301 909 4368 ¹Tom.
927 4311 957 4374 Ι.,
975 4303 1157 4368 llamocliom
1165 4311 1222 4366 Διι·
1279 4327 1281 4331 ’

206 4405 291 4472 liquit.
308 4405 379 4462 Libr.
398 4405 446 4460 1v.
507 4423 524 4468 a
598 4401 604 4414 ⁸
832 4415 836 4422 ·

1002 4501 1019 4565 1
1063 4491 1065 4496 .
