2832 4828
592 306 744 396 213⁴

58 564 60 567 -
131 525 345 590 Leodiensium
355 521 511 602 Episcopo,
530 525 628 586 narrat
642 519 770 584 Barthol.
788 518 926 605 Eiseo¹):
949 518 1048 610 „Cum
1070 521 1105 582 iis
1126 525 1240 600 tempo·

131 635 217 698 cibare
238 649 341 698 eornm
356 633 547 705 vicariorum,
570 649 644 710 quos
666 630 753 694 bodie
771 629 976 710 suffraganeos
997 630 1128 704 dicimus,
1151 647 1240 708 opera

132 745 259 807 necdum
282 746 433 804 uterentur
457 741 595 819 Episcopi
619 741 726 812 nostn,
759 737 914 802 Pontifices
944 741 999 817 ipsi
1025 741 1123 802 munia
1144 742 1241 802 omnia

132 852 215 916 obire
233 849 331 914 nolitia
347 849 547 912 Bariconeme
566 847 653 910 Gtero
666 847 832 922 Leodiensi‚
855 853 883 908 et
894 847 1098 912 Eleutherium
1114 846 1242 910 Lobien-

131 979 198 1024 sem
219 958 397 1023 Monachum
418 957 528 1020 Franco
558 958 682 1018 Romam
704 958 797 1031 misit,
829 963 862 1018 ut
891 958 927 1018 iis
954 957 1109 1035 Episcopis
1137 953 1240 1018 ccnse·

132 1073 219 1134 cratis
239 1086 307 1130 snas
328 1065 476 1128 Pontificio
497 1067 575 1126 vices
596 1083 752 1142 persuum
774 1065 927 1128 Dioecerin
948 1068 1171 1128 committeret.“
1193 1065 1241 1128 Sic

134 1195 254 1258 quoque
273 1176 309 1238 ab
331 1172 500 1236 Eadebaldo
526 1175 650 1251 graviter
682 1171 797 1236 infirmo
824 1171 915 1236 tuisse
942 1171 1067 1248 lactum,
1099 1173 1241 1254 conjicere

133 1288 211 1361 licet,
231 1301 299 1347 oum
320 1282 453 1344 alteiatus
472 1281 637 1355 Hilduinus,
660 1283 712 1361 qui
733 1286 763 1342 et
783 1281 954 1361 lleyoianus
976 1281 1081 1343 dicitur
1104 1278 1239 1364 (nomina

130 1398 210 1456 enim
223 1395 338 1471 propria
348 1391 428 1454 bisce
437 1389 616 1468 temporibus
626 1391 824 1452 diversissime
835 1407 923 1470 saepe
936 1407 1073 1468 expressa
1081 1396 1110 1452 et
1121 1390 1239 1468 scripta,

130 1507 268 1566 novimum
278 1506 401 1576 omnes),
412 1500 499 1562 etiam
510 1498 672 1562 Monachus
687 1500 723 1560 ad
735 1500 765 1562 S.
779 1499 937 1570 Martinam
947 1499 1128 1564 Coloniensis
1142 1499 1238 1562 tuerit.

130 1615 166 1676 ln
187 1612 331 1676 Chronico
352 1611 431 1672 enirn
452 1607 482 1670 S.
504 1607 622 1670 Martini
643 1606 833 1680 Coloniensls,
856 1609 935 1686 quod
956 1608 1067 1670 editum
1088 1612 1133 1670 est
1152 1609 1238 1672 Tem.

129 1724 169 1784 ll.
200 1720 382 1784 Monument.
402 1717 501 1780 Germ.
531 1717 658 1778 historic.
688 1714 863 1796 pap-att,
896 1721 1083 1780 recensentur
1112 1717 1240 1780 Abbates

130 1821 261 1902 ejusdem
283 1820 460 1894 monasterii,
481 1819 531 1880 ubi
551 1817 689 1880 babetur:
712 1817 834 1894 „Postea
855 1817 953 1882 Abbas
974 1817 1239 1899 praefuitlleynia·

130 1940 195 1994 nus
216 1924 262 1982 uir
279 1915 419 1992 illustris,
451 1921 500 1998 qui
522 1917 615 1980 tactus
636 1924 679 1982 est
708 1919 953 2000 Archiepiscopus
975 1918 1124 1982 Coloniae.
1157 1918 1238 1982 Obiit

129 2027 393 2102 DCCCXLVHH„
415 2033 444 2090 et
466 2029 523 2092 duo
546 2027 657 2090 Altaria
679 2031 812 2106 instituit,
839 2033 868 2090 et
888 2028 1040 2109 quodlibet
1062 2047 1120 2091 uno
1144 2035 1238 2090 terrae

129 2157 234 2201 mansu
257 2139 374 2202 dotavit.
431 2140 504 2200 ltem
526 2157 561 2198 ex
585 2143 665 2216 parte
695 2139 787 2219 ipsius
811 2137 957 2202 babemus
988 2139 1136 2200 annuatim
1157 2136 1238 2226 XX.

128 2247 245 2310 Solidos
267 2265 320 2326 pro
340 2248 450 2327 agenda
471 2248 536 2326 ejus
563 2248 705 2310 memoria
728 2249 763 2309 V.
786 2246 910 2314 Kalend.
933 2245 1078 2310 Octobris.
1121 2246 1167 2311 Eo
1189 2265 1238 2308 re-

128 2361 224 2437 gente,
247 2357 425 2420 destructum
447 2361 491 2418 est
523 2358 731 2420 monasterium
751 2374 769 2418 a
791 2355 1005 2420 Nortmanais.“
1056 2357 1090 2420 ln
1111 2356 1169 2420 alio
1190 2375 1238 2420 ca-

132 2466 230 2546 talogo
249 2464 395 2528 Abbatum
416 2465 543 2528 breviori
564 2465 684 2528 babetur
705 2467 792 2528 etiam
814 2463 985 2548 Hepno'onos
1007 2465 1188 2546 Episcopus,
1209 2471 1239 2530 et

132 2579 162 2638 in
194 2577 285 2640 veteri
315 2575 446 2655 ejusdem
477 2577 642 2638 monasterii
674 2574 847 2655 Necrologio
876 2577 912 2638 ad
941 2577 1019 2638 diem
1037 2576 1087 2639 'V.
1114 2577 1238 2640 Kalend.

133 2685 238 2749 Octcb.
261 2689 392 2748 notatur:
421 2683 529 2760 „Obiit
549 2683 883 2765 Dominuslleynianus,
902 2686 1066 2766 Episcopus
1089 2685 1238 2748 Ecclesiae

133 2794 325 2868 Coloniensis,
333 2791 493 2856 Monachus
502 2797 617 2857 nostrae
626 2795 863 2872 congregationis,
874 2795 990 2873 quiduo
1000 2793 1110 2856 Altaria
1118 2796 1239 2858 instituit

132 2908 163 2966 et
178 2903 329 2983 quodlibet
342 2921 401 2964 rano
415 2919 517 2964 manso
534 2901 643 2964 dotavit
657 2900 1016 2966 annoDCGCXLVllll.“
1038 2903 1141 2968 Exstat
1151 2907 1238 2968 etiam
1278 2886 1298 2959 s

132 3011 238 3075 Charta
258 3009 399 3090 Egilberti
420 3009 457 3072 de
478 3027 554 3070 anno
576 3006 658 3080 att,
681 3027 769 3090 quam
792 3010 1000 3092 descripsimus
1018 3031 1075 3076 una
1096 3031 1164 3076 cum
1185 3033 1236 3078 su·

132 3121 262 3200 predicto
282 3117 411 3198 catalogo
432 3117 566 3180 breviore
586 3137 623 3180 ex
645 3116 754 3182 relictis
777 3119 889 3182 Notatls
912 3122 1029 3184 Domini
1050 3121 1144 3199 Forat,
1166 3122 1237 3186 olim

131 3227 282 3307 Capellani
304 3225 442 3290 Coloniae
463 3226 499 3288 ad
520 3226 551 3290 S.
566 3225 741 3304 Martinum;
763 3229 793 3290 in
815 3229 1032 3311 ealleynianus
1047 3236 1237 3312 memoratur.

131 3338 260 3400 Praestat
281 3337 423 3414 integram
445 3333 493 3396 hic
515 3336 671 3412 insereret,
703 3337 786 3416 „Ego
807 3340 836 3400 iu
857 3339 911 3400 Dei
931 3341 1050 3404 nomine
1070 3340 1237 3420 Egilbertus

131 3447 209 3510 dono
230 3445 268 3506 ad
289 3445 318 3506 S.
339 3443 509 3513 Martiuum,
531 3446 679 3524 egregium
702 3443 890 3522 Pontificem,
922 3450 972 3527 qui
999 3450 1028 3510 in
1060 3451 1237 3513 monasterio

129 3556 250 3618 Rinensi
272 3551 525 3632 propeColoniam
547 3554 693 3616 ciuitatem
715 3558 885 3634 patrocinari
907 3556 1099 3635 dignoscitur,
1122 3559 1172 3624 ubi
1193 3562 1238 3622 vir

129 3663 304 3728 venerabilis
325 3661 494 3744 Eeynianus
512 3660 676 3742 Episcopus
696 3668 725 3724 et
742 3662 824 3725 Abba
842 3682 978 3743 praeesse
994 3667 1124 3742 ridetur,
1146 3670 1237 3752 dona-

83 3775 85 3779 ’
129 3779 254 3852 tumque
275 3769 349 3834 volo.
365 3773 394 3832 iu
411 3773 590 3850 perpetuum
618 3771 710 3832 salam
739 3790 836 3834 meam
864 3791 931 3835 cum
960 3779 1036 3838 terra
1065 3779 1187 3842 aratoria
1208 3784 1238 3842 et

130 3882 237 3962 petiola
258 3882 360 3956 vineae
382 3877 405 3959 ²)
440 3879 477 3940 ad
499 3878 596 3948 lacum
618 3881 710 3942 dictae
741 3883 863 3944 civitatis
887 3885 917 3944 in
939 3883 1019 3960 loco,
1049 3889 1100 3965 qui
1132 3888 1237 3950 dieitur

130 3987 333 4066 Hittc,.si'tam‚
349 3987 437 4068 pleno
456 3986 520 4067 jure
540 4006 558 4050 a
579 3989 625 4050 die
647 3991 790 4068 praesenti
812 3995 842 4052 et
863 3992 999 4072 deinceps
1021 3993 1236 4074 possidendam,

129 4105 163 4164 ut
196 4099 360 4182 augmentis
387 4102 503 4160 sanctae
535 4098 762 4178 congregationis
791 4097 1001 4167 Monacborurn
1033 4103 1141 4166 ibidem
1172 4103 1235 4168 Deo

165 4262 190 4324 1)
210 4261 310 4314 arsur.
328 4259 407 4311 neor.
427 4259 485 4310 rnr.
504 4228 536 4312 v.
555 4271 611 4323 pag.
631 4257 691 4310 rao.
784 4261 786 4266 ·

142 4429 144 4434 ,
165 4347 191 4412 2)
210 4347 376 4402 Praedictum
394 4350 556 4431 rusticanum
573 4355 598 4404 et
616 4349 742 4415 particula
758 4348 856 4405 vineae.
