2832 4828
172 507 270 570 animo
288 505 445 568 deliberato
460 521 493 566 ac
505 505 659 566 donatione
675 505 807 568 absoluta
823 509 853 568 et
869 505 1042 568 interrivos
1057 482 1276 584 assignaverint,

171 615 355 688 contulerint,
374 613 506 674 dederint
525 631 558 674 ac
572 614 751 686 donaverint,
767 631 820 675 seu
834 613 883 692 jus
902 631 989 676 omne
1008 619 1039 676 et
1056 617 1210 683 acumem,
1222 612 1276 674 sibi

171 725 201 784 in
218 721 323 783 illinet
341 723 377 782 ad
395 719 462 782 illos
479 726 655 799 competens,
669 719 706 782 ad
727 739 814 782 usum
833 727 863 782 et
883 721 1036 784 utilitatem
1056 723 1123 782 novi
1141 719 1277 782 beneficii

171 831 279 904 curati,
303 847 356 890 seu
375 827 437 906 ejus
455 829 605 903 Rectoris,
627 829 708 890 omni
726 829 847 890 meliora
867 829 955 891 modo
980 829 1121 892 cesserint
1136 832 1168 890 et
1180 833 1277 890 trans·

170 938 304 1012 tulerint,
331 955 365 998 ea
381 940 456 998 iuter
470 938 526 998 alia
549 955 688 1015 capream
703 938 757 1000 sub
774 937 903 1010 cautela,
923 940 1119 1000 reservatione
1141 954 1177 998 ac
1199 937 1276 1013 peti·
1396 991 1397 1004 ,

170 1049 265 1117 tione,
288 1049 432 1125 quatenus
450 1046 496 1124 jus
521 1046 720 1123 praesentandi
741 1063 896 1124 personam
913 1047 952 1108 de
976 1043 1085 1108 iamilia
1101 1043 1220 1106 antefati
1238 1043 1276 1106 b.

169 1155 287 1216 Raurici
302 1153 432 1229 Arnoldi,
449 1155 475 1215 si
494 1155 596 1216 idonea
613 1155 753 1216 exstiterit
772 1155 837 1229 sibi,
866 1155 962 1244 quoad
981 1156 1094 1228 vixerit,
1118 1171 1153 1214 ac
1169 1153 1277 1216 deindo
1396 1149 1397 1152 ’

169 1263 230 1342 ejus
253 1263 477 1341 proximioribus
500 1264 720 1342 consanguineis
742 1281 837 1343 usque
860 1265 897 1326 ad
912 1266 1029 1326 tertiam
1047 1263 1276 1342 generationem,

169 1371 274 1432 deiude
294 1389 365 1432 vero
383 1370 514 1441 Decano,
533 1371 709 1434 Scholastica
731 1375 761 1434 at
780 1371 812 1432 P.
835 1371 868 1436 Τ.
886 1371 999 1434 Seniori
1014 1372 1110 1434 acted.
1130 1369 1277 1450 Collegia·

168 1483 232 1552 tae,
249 1479 418 1540 admittendi
436 1497 520 1550 vero,
544 1497 598 1540 seu
621 1480 788 1542 institviendi
816 1476 950 1563 (prmvia
976 1499 1030 1559 pro
1058 1479 1183 1558 regenda
1205 1497 1276 1541 cura

169 1590 331 1648 animarum
342 1587 590 1666 brebiepiscopali
610 1588 788 1668 auctoritate)
803 1588 834 1649 P.
846 1589 880 1650 Τ.
903 1589 1051 1650 exsistenti
1063 1586 1180 1649 Decano
1196 1586 1276 1648 Dass-

168 1696 361 1773 seldorpiensi
385 1697 502 1757 concedi
518 1695 639 1770 debeat,
663 1697 783 1758 obtento
802 1698 943 1758 etiamad
964 1699 1123 1776 praemissa
1138 1696 1275 1758 moderai

168 1805 203 1864 l).
223 1805 346 1878 Decani,
374 1805 415 1866 uti
433 1805 555 1882 pastoris
572 1803 857 1882 Dusseidorpiensis,
880 1823 934 1882 pro
950 1822 983 1866 se
1007 1809 1037 1866 et
1055 1804 1275 1866 successoribus

168 1913 229 1974 suis
254 1912 350 1988 (salva
368 1911 551 1974 serenissimi
573 1909 715 1989 Principis
735 1911 877 1974 Electoris
895 1911 1030 1984 Palatini,
1049 1912 1091 1976 uti
1109 1912 1274 1975 Dmanatus

167 2026 197 2082 et
216 2019 372 2081 Parochiae
394 2019 663 2098 Dusseldorpiansis
682 2019 808 2094 Patroni,
827 2017 1026 2102 ratificatione)
1042 2039 1184 2098 expresso
1201 2038 1274 2083 oon·

167 2145 256 2190 sensu
280 2134 308 2188 ei
331 2127 543 2218 renuntiatione
571 2145 660 2207 super
679 2127 795 2206 juribus
815 2129 870 2190 sibi
887 2132 917 2192 in
940 2129 1091 2193 antedictis
1113 2129 1194 2208 pagis
1219 2146 1273 2192 seu

166 2234 304 2296 Paroebia
318 2240 436 2296 externa
454 2234 489 2296 ab
507 2235 627 2313 antiquo
645 2236 757 2310 debitis,
775 2242 862 2315 prout
878 2239 906 2298 in
923 2237 1028 2300 litteris
1040 2238 1168 2314 desuper
1180 2254 1272 2314 expe·

167 2344 243 2417 ditis,
264 2347 293 2404 et
307 2341 354 2404 bis
369 2343 476 2406 nostris
494 2342 670 2420 originaliter
687 2343 831 2406 transfixis
845 2344 960 2424 plenius
974 2347 1154 2418 contuetur,
1171 2343 1274 2423 juncta

167 2451 271 2512 devota
288 2451 442 2528 petitione,
461 2455 602 2528 quatenus
622 2453 652 2514 in
672 2453 855 2531 praemissis,
872 2453 995 2532 aliisque
1013 2452 1087 2514 inira
1101 2451 1273 2514 memoratis

166 2559 343 2620 auctoritatis
365 2563 480 2620 nostrae
498 2557 636 2636 placitum
657 2561 841 2638 interponere
863 2563 1063 2640 dignaremur:

228 2666 305 2728 Hinc
329 2685 391 2740 nos,
410 2671 444 2728 ut
462 2666 615 2730 laudabilia
636 2667 844 2732 antedictorum
866 2671 1025 2734 incolarum
1047 2674 1077 2732 et
1099 2667 1270 2745 comprimis

166 2780 393 2836 memoratorum
423 2775 620 2838 Funditorum
652 2776 734 2836 zelus
759 2779 790 2838 et
810 2777 974 2840 istiusmodi
997 2778 1045 2854 pia
1075 2775 1205 2838 lundatio
1235 2791 1270 2838 ac

167 2884 276 2944 dotatio
303 2882 447 2960 legitimae
484 2884 660 2946 auctoritatis
685 2885 827 2960 praesidio
859 2890 1000 2964 perpetuo
1024 2883 1200 2956 stabiliatur,
1238 2885 1270 2945 et

166 2992 319 3066 praetactis
335 2989 527 3051 incommodis
545 2994 573 3052 et
589 2990 726 3068 periculis
740 2998 922 3068 occurratur,
941 2991 1199 3071 supplicationibus
1217 2990 1269 3078 de·

164 3117 254 3178 anper
274 3098 356 3159 nobis
383 3101 522 3176 porrectis
547 3098 743 3162 favorabiliter
768 3102 914 3178 inclinati,
936 3103 1039 3164 dcam
1067 3100 1268 3162 fundationem

165 3211 195 3267 et
217 3208 392 3269 dotationem
418 3206 584 3286 hujusmodi
614 3207 745 3270 beneficii
767 3211 859 3272 curati
884 3211 913 3271 in
940 3209 1102 3272 Derendori
1122 3225 1178 3268 una
1199 3225 1268 3270 cum

165 3317 334 3378 memoratis
355 3319 384 3375 et
401 3317 430 3376 in
449 3313 594 3376 transfixis
621 3315 725 3378 litteris
755 3318 842 3381 latius
862 3319 1008 3396 expressis
1032 3317 1152 3378 cautelis
1172 3319 1203 3376 ei
1219 3333 1269 3376 re-

164 3422 374 3484 servationibus
386 3424 555 3484 auctoritate
566 3422 823 3503 Arabiepiscnpali,
834 3444 893 3502 qua
909 3424 962 3486 bac
978 3426 1008 3484 iu
1027 3428 1108 3502 parta
1119 3423 1269 3501 iungimus

164 3530 325 3604 ordinaria,
345 3531 515 3592 admisimus
535 3535 565 3591 et
582 3531 820 3610 approbavimus,
842 3539 872 3594 et
886 3531 1058 3594 beneficium
1076 3535 1210 3594 auratum
1230 3530 1268 3592 ad

163 3635 305 3698 bonorem
332 3641 361 3698 et
373 3639 493 3716 gloriam
511 3628 713 3702 Sanctissimae
726 3639 879 3715 Trinitatis,
899 3647 928 3703 et
945 3640 1159 3704 invocationem
1179 3635 1212 3698 B.
1231 3636 1267 3698 V.

164 3742 291 3817 Mariae,
317 3743 365 3805 SS.
385 3745 593 3822 Apostolorum
612 3747 688 3810 Petri
705 3752 735 3808 ct
752 3747 849 3822 Pauli,
874 3766 907 3809 ao
927 3749 959 3809 la
974 3747 1118 3810 Barbarae
1137 3745 1217 3823 Virg.
1237 3748 1268 3806 et

164 3849 346 3930 Martyris-et
362 3850 483 3912 Xaverii
504 3857 665 3928 ereximus,
683 3857 844 3918 creavimus
860 3861 889 3917 et
903 3856 1095 3928 instituimus,
1111 3853 1267 3930 eidemque

164 3975 219 4035 pro
244 3959 311 4020 dote
340 3962 369 4020 et
398 3959 427 4020 in
460 3958 556 4020 dotem
585 3965 744 4040 praetactos
763 3963 876 4024 reditus
897 3967 928 4024 et
948 3961 1012 4040 jura
1032 3961 1093 4040 jam
1112 3960 1215 4022 collata
1237 3964 1268 4022 ei

164 4067 301 4144 deinceps
325 4067 371 4144 pia
390 4063 497 4128 Christi
519 4065 649 4130 fideliam
678 4070 805 4148 largitate
824 4071 949 4156 amplius
968 4069 1140 4132 conferenda
1158 4083 1267 4147 perpe·

163 4179 217 4236 tuo
232 4176 443 4252 assignavimus
459 4178 488 4236 et
501 4175 716 4252 adscripsimus,
738 4195 793 4240 neo
812 4194 869 4242 nou
882 4177 931 4258 jus
944 4177 1146 4254 praesentandi
1165 4195 1266 4256 perso·

108 4316 110 4320 .
164 4299 231 4345 nam
250 4284 286 4346 ad
302 4281 374 4346 illud
394 4283 554 4361 regendum
577 4282 710 4346 animatis
725 4284 859 4350 Dominis
882 4285 1094 4350 laudatoribus
1114 4289 1145 4350 ct
1162 4301 1266 4351 eorum
