2832 4828
714 389 762 462 62

186 589 304 652 diendaa
335 595 365 652 et
395 589 581 654 Sacramenta
610 591 799 653 ministranda
841 595 961 672 propter
1001 609 1120 654 eausam
1158 594 1296 670 superius

185 700 299 759 tactam
342 700 380 761 Et
401 697 478 760 male
498 697 718 760 eontentabatur
739 699 776 760 de
796 699 959 774 Canonicis,
980 699 1087 780 quibus
1108 698 1297 763 odmmiserat

185 805 365 868 confessores
397 807 517 868 idoneos
546 805 673 886 eligere3
702 808 754 868 sed
775 806 818 868 illi
839 807 989 878 dixerunt,
1017 827 1049 870 se
1070 825 1189 870 eausam
1213 827 1296 887 prae·

186 915 290 976 dietam
312 917 467 993 ignorasse.
511 913 667 986 „Tandem
689 913 790 977 Leodii
811 913 956 978 Dominus
977 915 1132 995 Hilgerus,
1165 919 1295 978 reconci-

185 1021 271 1084 liatus
292 1039 359 1083 cum
381 1041 418 1084 eo
439 1021 574 1102 (Nicolao
592 1022 719 1100 Legato),
741 1026 847 1085 mansit
867 1025 896 1084 in
918 1023 1107 1098 suoOrdlnc,
1128 1023 1295 1103 etLegatus

184 1149 237 1209 per
257 1129 364 1208 Papam
386 1129 453 1193 lecit
473 1129 604 1210 suppleri
625 1147 728 1192 omnes
749 1129 886 1206 delectus,
907 1131 1007 1212 sieque
1028 1133 1153 1194 ordinati
1174 1132 1294 1212 abipso
1403 1159 1404 1162 ¹

185 1257 241 1300 non
264 1239 381 1300 luerunt
400 1238 527 1318 amplius
549 1239 725 1300 molestati.“
1403 1225 1404 1238 ¹

370 1429 449 1492 xiv.
494 1427 692 1492 uunaldus
715 1427 1110 1494 VENECOMPONENSIS.

250 1561 393 1624 Henrieus
414 1562 450 1622 de
472 1561 647 1635 Ravennam,
670 1558 843 1623 Germaniae
857 1561 1016 1634 Ritdeoccla,
1037 1563 1101 1624 sive
1119 1562 1292 1625 Ravennam

183 1670 332 1732 Dioeoesis
355 1671 552 1744 Trevirensis,
574 1689 611 1730 ex
633 1669 743 1731 Ordine
764 1669 1013 1748 praedicatorum,
1043 1669 1096 1733 SS.
1117 1670 1293 1751 Theologiae

184 1779 301 1850 Doctor,
324 1781 487 1860 Episcopus
509 1781 803 1858 Veneeomponensis,
816 1779 990 1843 Theoderici
1010 1783 1040 1840 et
1061 1784 1159 1858 postea
1171 1781 1291 1858 Ruperti

183 1888 476 1966 Archiepiscoporum
505 1888 730 1968 suffraganeus,
752 1891 931 1951 consecravit
952 1891 981 1949 in
1002 1887 1111 1967 templo
1142 1888 1233 1958 Vallis
1260 1887 1291 1948 B.

183 1996 294 2058 Mariae
315 1998 403 2077 Virg,
426 2015 517 2076 prope
536 1995 680 2059 Arweiler
696 1998 846 2077 oppidum,
868 1997 986 2071 Altaria,
1007 2003 1037 2058 et
1056 1996 1147 2060 latu.
1170 1999 1200 2056 in
1221 1997 1292 2058 lesto

183 2105 233 2167 SS.
252 2105 327 2168 Pelii
347 2113 377 2167 et
394 2107 476 2168 Pauli
499 2107 664 2170 Marcoduri
684 2105 846 2168 Ecclesiam
875 2105 1042 2170 Conventus
1056 2105 1123 2166 llll.
1143 2105 1292 2166 Minorum

184 2221 213 2275 et
232 2215 342 2276 Altaria
367 2216 431 2289 tria,
455 2232 603 2276 summum
624 2215 654 2274 in
675 2214 816 2276 honorem
839 2215 869 2276 S.
896 2214 1005 2277 Mariae
1020 2213 1219 2292 Magdalenae.
1253 2215 1294 2274 lta

184 2321 311 2384 Annales
340 2323 423 2387 MSS.
454 2323 667 2386 Marcodurani.
728 2323 803 2386 Cum
830 2341 902 2386 vero
928 2343 1006 2386 anno
1029 2320 1119 2383 illd.
1148 2323 1294 2401 coepisset
1403 2399 1404 2406 ἵ

183 2434 258 2492 inter
277 2431 443 2511 Capitulum
467 2439 498 2494 et
514 2432 774 2513 Archiepisoopum
790 2433 911 2513 gliscere
930 2433 1090 2506 discordia,
1115 2432 1154 2492 ita
1175 2436 1225 2506 nt,
1250 2433 1295 2492 in·
1403 2435 1404 2438 ’

185 2541 246 2602 vito
279 2541 425 2619 liuperto,
446 2539 602 2619 Coadjutor
626 2541 744 2602 daretur
773 2559 827 2602 seu
855 2540 1081 2602 Administrator
1106 2539 1294 2602 Hermannus
1403 2577 1404 2582 κ

185 2647 382 2728 Landgravius
393 2646 428 2730 ¹),
447 2653 479 2711 et
496 2650 610 2710 exitiale
628 2648 739 2711 bellum
759 2649 927 2712 Coloniensi
948 2648 1079 2712 Dioecesi
1095 2648 1294 2722 inueheretur,

185 2755 397 2835 suffraganeus,
415 2761 460 2819 sui
477 2757 694 2836 Arehieplsoopi
717 2763 813 2836 partes
834 2776 970 2837 sequens,
989 2759 1065 2836 apud
1087 2756 1294 2818 Rodekirchen

140 2880 145 2889 ·
185 2882 291 2944 pagum
311 2883 370 2927 una
393 2883 460 2926 oum
480 2865 643 2928 thhelmo
664 2865 761 2927 Laner
781 2885 797 2926 a
816 2863 1030 2940 Breidenbaoh,
1051 2863 1163 2926 Abbate
1189 2869 1218 2925 et
1245 2883 1294 2926 re·

184 2972 341 3034 formatore
374 2973 528 3035 Tuitiensis
561 2973 729 3036 Monasterli
753 2973 1032 3053 Arehlepiscopique
1066 2973 1233 3034 consiliario
1260 2989 1295 3033 ac

185 3080 338 3161 Sigillilero
363 3081 547 3157 Coloniensi,
573 3081 610 3144 ab
628 3083 799 3144 adversariis
819 3088 934 3163 captus,
963 3081 1039 3143 male
1063 3085 1201 3143 tractatus
1228 3079 1295 3155 luit,
1403 3069 1404 3100 Τ

184 3197 281 3270 atque,
300 3196 333 3253 ut
347 3191 433 3254 habet
445 3191 529 3255 MSS.
545 3191 712 3254 Chronieon
731 3191 913 3266 Coloniense‚
932 3189 1068 3252 manibus
1085 3190 1209 3268 aliisque
1225 3207 1295 3269 par·

184 3303 262 3364 tibus
287 3301 419 3381 corporis
442 3299 525 3363 loede
549 3305 608 3362 est'
622 3300 801 3365 vulneratus.
844 3303 892 3376 lt,
921 3299 1090 3362 Hermanno
1111 3299 1296 3378 Landgravio
1356 3361 1360 3370 Δ
1403 3371 1404 3378 ἵ

185 3430 284 3474 rerum
296 3411 381 3489 plene
400 3413 500 3490 potito,
518 3429 571 3472 seu
586 3415 698 3488 sponte,
718 3427 771 3472 seu
790 3409 845 3471 alia
865 3409 902 3472 de
920 3427 1007 3471 causa
1026 3411 1111 3470 desiit
1126 3410 1157 3468 in
1173 3406 1295 3469 Pantili-

185 3520 294 3581 calibus
312 3538 397 3599 agere
416 3519 580 3593 Viearium,
610 3525 761 3581 contentus
785 3511 923 3581 Coloniae
945 3517 1132 3597 Theologiam
1152 3516 1295 3596 profiteri,

185 3631 214 3690 in
235 3643 291 3708 qua
314 3630 417 3691 deinde
438 3629 588 3691 Decanum
608 3631 665 3708 egit
686 3647 762 3690 anno
782 3626 883 3704 llSd,
901 3631 943 3689 uti
959 3629 989 3689 in
1009 3626 1194 3688 decanalibus
1212 3626 1296 3688 libris

185 3740 352 3799 annotatum
373 3743 426 3798 esi.
469 3737 606 3818 Sepultus
628 3739 673 3800 est
694 3735 893 3799 Continentiae
918 3739 948 3797 in
969 3735 1145 3797 monasterio
1164 3735 1297 3796 Domini·

186 3864 333 3906 canorum.
356 3845 548 3907 Confluentini
565 3845 702 3919 relerunt,
719 3845 878 3907 Henricum
896 3845 973 3906 hunc
992 3845 1028 3904 de
1043 3843 1201 3922 Ripeniaoo
1213 3839 1296 3904 anal-

186 3954 344 4033 phabetum
364 3954 519 4034 agricolam
540 3954 644 4028 luisse,
678 3959 801 4033 quatuor
828 3955 863 4014 ad
890 3955 978 4015 stivae
1006 3970 1093 4013 usum
1113 3953 1212 4030 equis,
1242 3951 1296 4012 sed

186 4064 302 4124 tandem
320 4080 398 4123 anno
418 4063 522 4124 aetatis
540 4065 688 4141 trigesimo
705 4067 871 4144 pertaesum
885 4063 1031 4136 inscitiae,
1056 4062 1171 4122 deserto
1187 4065 1295 4135 aratro,

186 4173 297 4236 litteras
314 4172 448 4234 didicisse
464 4177 544 4234 tanto
561 4171 699 4252 proiectu,
715 4175 757 4248 ut,
775 4175 806 4242 in
822 4171 963 4235 Ordinem
979 4169 1035 4232 PP.
1055 4170 1296 4234 Praedicatorum
1403 4213 1404 4268 p

187 4309 493 4324 *ἡ

223 4384 249 4445 1)
267 4383 341 4437 cont.
363 4382 449 4436 codex
465 4379 626 4446 diplomactc.
644 4384 740 4434 netur.
758 4379 832 4432 Tem.
849 4380 887 4432 11.
900 4391 964 4446 pag.
983 4374 1044 4433 til.
