2832 4828
709 353 759 424 72

271 589 280 603 .
334 545 393 609 Sed
410 549 476 626 soto
495 547 655 628 impediunt
676 551 871 612 moderantem
888 568 993 628 mopso
1010 545 1150 621 rior’rtrd,

419 653 558 718 clodium
573 667 678 720 emtor
689 659 815 739 possidet
831 657 973 739 Elysium.

182 763 228 826 Ex
245 765 350 828 eodem
369 765 434 828 loco
454 766 532 828 aliud
555 767 679 830 incisum
697 767 812 829 tumulo
830 767 904 828 tale:

383 872 508 936 Billiooc
522 877 554 934 s'r
570 884 669 938 nostro
690 878 769 939 uicit
785 875 981 938 celeberrimas
1004 877 1080 950 orbe,

402 980 551 1046 Execrtur
570 1004 689 1065 superor
705 1004 783 1047 nuuc
801 993 874 1047 tract
890 986 957 1046 tado
970 985 1061 1066 polos.

182 1092 264 1154 Idem
286 1093 456 1154 recitaturo
476 1093 562 1156 Petro
582 1093 729 1172 Opmero,
755 1109 831 1157 auno
854 1093 945 1155 1625.
965 1111 1078 1167 recuso,
1103 1093 1157 1154 sed
1181 1097 1293 1154 mutato
1393 1145 1394 1152 ,

181 1217 268 1262 uersu
282 1204 452 1278 posteriore,
475 1220 529 1281 pro
543 1222 602 1282 quo
623 1203 719 1276 habet,
736 1205 842 1265 neseio.
856 1204 941 1274 unde,
959 1201 1075 1262 laudem
1091 1206 1210 1263 tamen:

405 1310 539 1386 Serdica,
559 1320 592 1373 ut
608 1312 760 1374 haereseon
779 1313 908 1386 rostitit,
927 1313 1068 1374 ocmduit.
1157 1331 1168 1350 ι

446 1502 534 1568 XXI.
575 1505 751 1606 JOANNES
772 1503 1029 1568 CYRENENSIS.

245 1635 352 1698 Tristia
373 1640 404 1698 st
424 1638 548 1698 exitialia
569 1657 623 1718 pro
644 1638 774 1701 Ecclesia
789 1637 957 1701 Coloniensi
969 1655 1046 1699 nunc
1061 1636 1205 1714 incipiunt
1220 1639 1294 1696 tem·

183 1761 264 1823 porr,
286 1746 393 1824 partim
427 1750 547 1824 propter
574 1751 682 1811 variam
705 1748 1000 1827 Archiepiscoporum
1026 1750 1153 1820 sortem,
1185 1747 1293 1824 partim

182 1859 302 1933 propter
328 1860 504 1934 grassantem
535 1854 668 1917 haeresin
697 1862 726 1918 et
759 1877 795 1918 ex
816 1875 850 1918 ea
883 1861 946 1918 orta
976 1855 1062 1919 bella.
1113 1853 1190 1914 Nam
1218 1871 1292 1914 anuo
1393 1883 1394 1908 l

183 1961 275 2025 1556.
296 1962 348 2027 20.
371 1962 536 2042 Septembr.
567 1963 673 2030 Brulae
701 1967 826 2026 moritur
850 1963 1003 2042 Adolphus
1034 1961 1292 2040 Archiepiscopus,

182 2075 243 2152 qui,
265 2074 365 2134 audita
386 2071 600 2136 haereticorum
621 2075 657 2134 ad
672 2071 808 2134 Rhenum
830 2090 925 2152 usque
946 2074 1156 2152 progressione,
1172 2071 1293 2132 iriden-

181 2185 244 2244 tum
265 2182 444 2262 reliquerat3
465 2181 533 2242 huic
554 2184 652 2242 statim
673 2199 828 2260 germanus
846 2181 909 2260 ejus
924 2181 1012 2242 irater
1029 2180 1173 2242 Antonius
1184 2179 1292 2242 Comes

181 2289 447 2370 Schauenbergicus
476 2295 661 2369 surrogatur,
695 2291 756 2370 qui
773 2308 849 2350 auno
879 2288 1133 2352 1566161616
1165 2291 1197 2349 in
1227 2308 1292 2351 arco
1333 2351 1342 2361 ,

183 2398 417 2478 Godeebergeusi
446 2398 541 2460 subita
568 2403 663 2461 morte
689 2397 845 2460 occumbit.
898 2398 1012 2459 Eodem
1044 2400 1170 2460 nuncin
1194 2399 1292 2461 dieS.

182 2507 285 2572 Annae
313 2507 424 2569 electus
456 2512 500 2568 est
530 2505 703 2569 Gebhardus
735 2505 942 2581 Mansleldius,
974 2509 1024 2586 qui
1055 2506 1161 2567 Brulae
1192 2509 1222 2567 in
1247 2509 1294 2570 die
1393 2591 1394 2596 ἵ

183 2621 346 2680 animarum
369 2615 460 2678 1562.
482 2617 541 2679 vita
561 2619 658 2684 cessit.
699 2615 768 2677 Post
792 2615 870 2676 hune
897 2613 1061 2676 Eridericus
1082 2633 1100 2675 a
1121 2615 1220 2678 Weda
1243 2617 1293 2678 lV·
1393 2617 1394 2684 l

181 2727 292 2811 electus
314 2731 368 2801 est,
389 2727 440 2806 qui
461 2725 604 2788 abdicarit
625 2743 701 2787 anno
722 2730 812 2794 sexto.
835 2723 946 2786 scilicet
968 2724 1071 2799 1567,
1092 2725 1122 2784 in
1143 2723 1230 2802 eujus
1248 2726 1293 2787 lo·
1393 2717 1394 2774 l

182 2853 251 2898 cum
273 2835 382 2897 electus
404 2839 449 2896 est
469 2834 633 2896 Salentinu
644 2832 752 2898 Comes
773 2831 976 2912 lsenburgicus
997 2831 1047 2892 23.
1061 2831 1225 2907 Decemhr,
1243 2835 1294 2913 qui

182 2945 284 3006 decem
306 2947 373 3022 post
393 2961 503 3016 annos,
536 2959 612 3003 anno
639 2959 746 3020 nempe
768 2939 879 3016 1577„
901 2943 989 3002 etiam
1009 2941 1167 3015 abdicarit,
1202 2960 1293 3020 quem

183 3053 297 3131 excepit
318 3051 411 3131 pridie
431 3049 499 3138 Divi
519 3047 629 3111 Nicolai
657 3049 786 3128 ejusdem
807 3049 874 3110 anni
896 3047 1067 3111 Gebhardus
1087 3047 1293 3128 Truchsesiua

183 3165 213 3222 et
234 3165 300 3240 post
320 3160 405 3222 illum
427 3157 614 3232 ann01583,
635 3157 701 3220 Kal.
722 3157 841 3238 Aprilis,
857 3177 873 3220 a
890 3157 1031 3238 Gregorio
1045 3159 1121 3237 Papa
1138 3158 1293 3238 rejectum,

182 3271 324 3334 Ernestus
352 3269 500 3341 Bararus,
537 3287 596 3349 quo
625 3268 680 3330 sub
708 3285 816 3340 annum
845 3265 935 3328 1612.
960 3267 1008 3328 16.
1031 3267 1115 3332 Febr.
1145 3269 1292 3342 defuncto,
1393 3279 1394 3346 Ῑ

182 3379 390 3455 Ferdinandus,
411 3379 529 3440 Ernesti
550 3376 682 3438 exiratre
699 3393 800 3453 nepos
822 3375 851 3435 in
873 3375 934 3456 ejus
952 3375 1050 3439 locum
1067 3396 1102 3437 ex
1114 3375 1293 3456 Coadjutor'e

182 3487 426 3570 Archiepiscopus
448 3491 476 3548 61
494 3487 613 3548 Elector
633 3490 678 3546 est
697 3485 887 3558 renuntiatus,
910 3487 956 3547 oui
977 3488 1110 3546 aeternas
1132 3485 1220 3547 debet
1237 3485 1294 3550 Go-
1393 3511 1394 3574 j

165 3596 323 3661 ,lonicusis
343 3596 491 3659 Dioecesis
512 3595 626 3676 gratias.
658 3591 772 3656 Horum
793 3596 927 3672 tempore
947 3597 1104 3672 sequentes
1114 3594 1293 3676 suffraganei

184 3705 355 3766 floruerunt.
1031 3766 1033 3771 Ι

207 3863 209 3868 .
247 3814 373 3875 loannes
408 3811 566 3873 Pennarius
595 3810 799 3884 Noresiensis,
831 3829 867 3872 ex
894 3809 1006 3873 Ordine
1036 3811 1091 3874 FE.
1131 3813 1290 3889 Minorum,
1393 3815 1394 3860 l

155 3951 156 3954 ¹
183 3921 292 3984 Doctor
312 3919 362 3982 SS.
383 3915 566 3996 Theologiae,
591 3921 666 3982 circa
687 3937 752 3980 ann.
775 3916 1087 4000 1558.s11ureganeus
1108 3919 1292 3986 Coloniensis
1393 3931 1394 3938 ’

183 4035 213 4092 61
232 4032 396 4109 Episcopus
419 4026 602 4108 Cyrenensis,
624 4027 662 4088 de
683 4047 741 4106 quo
763 4027 826 4106 ejus
847 4017 988 4106 temporis
1008 4031 1132 4108 scriptor
1153 4031 1291 4112 Cratepo-

183 4140 241 4201 lius
261 4141 291 4200 in
313 4137 451 4216 Cetalogo
474 4137 688 4215 Episcoporum
718 4135 790 4232 haec
816 4135 919 4198 habet:
951 4183 970 4212 „
978 4136 1136 4214 Antonius,
1160 4139 1290 4220 Adolphi

183 4243 286 4317 frater,
314 4245 345 4304 in
371 4243 589 4321 suffraganeum
615 4241 651 4300 D.
673 4242 815 4304 loannem
839 4243 993 4306 Penarium
1017 4245 1231 4332 Noresianum,
1253 4251 1289 4310 de

184 4351 294 4418 Ordine
316 4351 372 4416 FF.
395 4350 544 4418 Minorum
564 4347 764 4430 Theologum,
786 4353 975 4434 assumpsit-⁴⁶
1016 4354 1144 4421 Dederat
1170 4355 1218 4422 hic
1236 4359 1290 4422 Jo-
