2832 4828
60 565 74 580 =
176 539 272 609 autre
291 553 326 604 ac
344 537 561 614 determinatae,
583 539 622 602 ita
645 542 678 602 ut
697 539 726 606 ln
746 555 801 604 sua
816 539 1018 620 amnmptione
1037 539 1161 619 accipiat
1178 538 1284 604 anem

176 645 277 713 babitu
295 650 470 728 potestatem
488 646 697 726 juindicaonis
717 648 746 708 in
766 652 878 710 certam,
902 648 1031 727 aliquam
1050 648 1213 710 Ecclesiam
1227 647 1285 710 Ca-

176 753 345 821 thedrnlern·
360 754 406 821 rel
429 753 702 836 Metropolitanum
733 751 764 840 ἢ)
789 761 822 820 ut
842 755 908 823 lais
929 755 1068 826 unsar.
1086 758 1124 824 sit
1144 759 1173 820 in
1195 756 1287 834 parti·

175 861 231 926 bus
251 861 431 939 infidelium,
461 861 571 926 scilicet
599 881 657 926 uon
688 863 898 942 baptisatorum
928 869 958 928 et
978 864 1107 932 ΜΝ
1133 865 1286 930 christiani

175 971 318 1046 nominum
350 969 382 1054 3)
405 973 439 1033 ut
469 970 534 1034 talis
564 970 694 1034 Ecclesia
722 977 820 1034 careat
845 977 908 1036 tum
938 973 1044 1048 clero,
1075 977 1140 1036 tum
1171 972 1286 1052 populo

175 1077 349 1142 Christiano.
369 1114 406 1126 -
430 1079 546 1142 Varium
568 1078 673 1142 horum
687 1077 883 1142 Titulctorum
903 1080 1287 1160 Episcoporum‘originem

173 1186 310 1253 dedimus
339 1186 423 1250 Parte
446 1187 483 1250 11.
513 1187 597 1250 Tom.
619 1187 643 1250 1.
676 1185 909 1252 Memorabilium
936 1188 1086 1254 Ecclesiae
1117 1187 1231 1252 Cathol.
1247 1187 1285 1273 ¹).

173 1294 222 1374 Hi,
244 1297 280 1360 de
302 1295 409 1376 quibus
429 1294 485 1360 laec
505 1295 702 1374 inopurculo
720 1314 819 1360 sermo
839 1301 894 1372 cat,
914 1297 1079 1378 specialiter.
1097 1299 1193 1362 exorti
1213 1303 1286 1360 sunt

173 1409 448 1486 pnatrecnperatam
469 1402 657 1476 aSarcceuis
678 1409 786 1468 terram
797 1411 925 1475 muctam
948 1411 1064 1485 etpost
1084 1406 1224 1486 expulsos
1243 1407 1285 1470 ab

173 1513 360 1578 orientalibus
381 1513 473 1595 plagis
492 1510 650 1576 catholicos
665 1512 827 1594 Episcopus
835 1514 953 1578 maculo
974 1514 1148 1578 duodecimo
1168 1521 1198 1578 et
1210 1520 1284 1586 ter·

173 1624 215 1688 tio
235 1623 359 1696 decimo.
402 1621 448 1684 Na
469 1621 555 1702 igitur
576 1619 668 1684 orbati
689 1623 824 1702 gregibus
844 1623 906 1685 suis
926 1620 1061 1686 Pastores
1082 1621 1165 1692 tuma:
1178 1627 1210 1686 et
1231 1626 1283 1686 siti

173 1736 375 1824 premerentur
392 1734 447 1801 aut
467 1729 615 1804 nuditate,
638 1732 667 1792 in
688 1735 800 1808 purtem
821 1730 1027 1796 sollicitudinis
1046 1731 1223 1796 voeabantrrr
1243 1731 1283 1794 alr

172 1839 409 1920 alileEpiscopis‚
427 1856 554 1920 quormn
575 1837 731 1902 Dioeoeses
750 1839 779 1900 in
790 1836 947 1902 Germania
957 1841 1127 1918 praesertim
1141 1844 1282 1902 extensae

171 1952 242 2015 sunt
261 1948 436 2029 populisque
456 1947 636 2023 ditissimae,
657 1952 692 2010 ut
711 1947 845 2010 vicariam
870 1949 900 2010 in
921 1946 1133 2028 pontificalibus
1154 1947 1281 2013 iunctio—

171 2057 257 2126 nibus
277 2060 456 2136 praestarent
475 2061 624 2138 tamquam
645 2055 825 2136 suffraganei
852 2073 989 2136 operam,
1011 2056 1089 2118 unde
1111 2056 1180 2118 dicti
1211 2061 1282 2118 sunt

178 2163 287 2230 chrii
306 2165 339 2228 ic
358 2162 592 2245 Pontrflealc'bue,
612 2163 660 2228 vel
683 2163 867 2248 Srsffrupcaei
878 2208 886 2240 ,
907 2169 957 2228 aut
978 2163 1186 2246 Proipircopi„
1202 2163 1280 2228 Pro-

168 2273 315 2356 poetificee
335 2281 387 2336 etc.
440 2271 532 2338 Porro
552 2291 621 2336 cunr
641 2273 783 2352 ejusmodi
813 2271 957 2336 Titulares
977 2275 1041 2334 sine
1060 2273 1122 2336 ulla
1147 2275 1281 2352 supremi

172 2384 203 2446 in
215 2381 346 2446 Ecclesia
366 2383 476 2460 cupitis,
500 2381 624 2447 Romani
645 2379 800 2458 Pontibcis,
819 2382 920 2446 notitia
939 2383 1057 2462 saepius
1077 2381 1281 2444 ordinarentur

172 2494 204 2554 et
223 2493 468 2554 constituerentur
488 2491 595 2552 vicarii
618 2490 648 2552 in
670 2488 901 2565 contineamus,
933 2489 1010 2570 Papa
1031 2489 1168 2554 Clemens
1189 2490 1226 2553 V.
1248 2491 1279 2552 in

172 2598 304 2664 Concilio
332 2598 489 2660 Viennensi
518 2599 607 2660 modo
634 2597 782 2680 probibuit
803 2598 945 2678 ejusmodi
972 2600 1183 2662 ordinationem
1212 2600 1278 2662 sine
1397 2583 1398 2592 ἵ

171 2721 315 2774 consensu
346 2708 471 2774 Romani
488 2705 658 2794 ,Pontificis3
689 2705 852 2771 Concilium
877 2726 949 2772 vero
976 2707 1177 2780 Tridentisum
1198 2706 1277 2778 Sese.

171 2815 257 2880 xlv.
287 2814 360 2896 Cap.
380 2815 411 2878 2.
431 2815 643 2896 angustioribus
670 2831 776 2878 eornm
807 2813 968 2880 lunationes
995 2815 1098 2877 clausit
1125 2814 1278 2879 limitibus.

233 2925 301 2988 Nou
321 2928 405 2988 extra
425 2923 521 2988 aleam
540 2941 659 2986 currere
678 2923 861 3000 arbitramur,
884 2925 909 2986 si
928 2922 976 2986 hic
996 2941 1087 2986 nouas
1104 2941 1125 2984 u
1146 2909 1277 2992 Concilio

171 3032 346 3102 Tridentino
364 3036 394 3095 et
414 3031 482 3094 dein
502 3049 520 3094 a
541 3034 666 3095 summis
685 3033 824 3096 Romanis
845 3029 1033 3096 Pontificibus
1059 3034 1135 3106 circa
1154 3033 1278 3110 Episco-

170 3158 226 3221 pns
245 3139 390 3212 uitulum·
407 3138 499 3202 ¹elatas
519 3142 740 3204 constitutiones
764 3142 928 3207 inserimus.
980 3140 1144 3216 Inpdmrm
1169 3157 1277 3219 nempe

170 3249 334 3320 Concilium
356 3248 435 3334 Sensi
457 3247 538 3312 XIV.
560 3246 631 3328 Gap.
652 3247 743 3311 iude
764 3247 922 3312 Reformat.
943 3250 1081 3324 sancivitc
1105 3245 1276 3322 „Quoniam

170 3358 304 3430 nonnulli
324 3357 462 3438 Episcopi
482 3354 697 3430 Ecclesiarum,
726 3373 801 3436 quae
822 3357 852 3418 in
874 3355 1004 3436 partibus
1025 3353 1185 3432 infidelium
1207 3373 1277 3422 cen·

171 3466 388 3544 sistunt<,ciero
408 3468 539 3528 ementes
560 3467 590 3526 et
610 3461 720 3542 populo
741 3462 913 3550 christiano,
934 3481 1002 3526 cum
1023 3482 1094 3527 vere
1108 3465 1276 3544 'vagabundi

171 3577 280 3640 eint'et
300 3577 518 3652 permanentem
529 3571 637 3636 Sedem
659 3589 717 3634 uon
737 3569 870 3648 habeant,
890 3589 948 3634 nen
967 3589 1046 3650 quae
1065 3573 1142 3641 Jmu
1157 3571 1276 3648 Christi,

140 3681 144 3688 '
167 3685 219 3752 aed
231 3683 429 3758 absumeres,
450 3681 542 3742 inscio
563 3681 692 3759 proprio,
709 3683 835 3758 pastore,
855 3684 1028 3760 quaerentes
1044 3680 1115 3742 dum
1137 3679 1277 3761 perhanc

168 3795 297 3854 sanctam
317 3789 478 3870 synodum,
500 3805 533 3850 se
554 3787 729 3866 pontificalia
749 3788 844 3851 officia
864 3791 894 3851 in
915 3787 1034 3852 alterius
1054 3789 1197 3870 Dioeeesi,
1219 3790 1275 3852 nisi

169 3900 206 3964 de
228 3899 283 3964 loci
304 3895 451 3960 Ordinurii
473 3913 611 3975 expressa
631 3895 755 3970 licentia,
777 3899 857 3958 etin
878 3912 1018 3975 personas
1040 3899 1134 3960 cidem
1151 3897 1275 3970 Ordina-

77 4065 79 4070 .
169 4012 213 4072 rio
234 4005 376 4087 subjectas
396 4007 517 4080 lantum,
538 4023 673 4070 exercere
688 4003 848 4084 prohibitos
868 4003 977 4079 vident,
998 4006 1028 4068 in
1049 4003 1122 4087 legis
1142 4005 1275 4070 fraudem

202 4259 228 4323 1)
247 4255 507 4324 benkwbrdlqicitan
524 4257 571 4312 der
596 4255 868 4312 cmutmtholisclran
886 4255 992 4312 nnuc.
1028 4255 1117 4310 unu
1147 4255 1221 4312 unul
1239 4257 1275 4311 ll.

254 4357 314 4411 paq.
335 4343 396 4400 ³80.
