<?xml version="1.0" encoding="UTF-8"?>
<!DOCTYPE html PUBLIC "-//W3C//DTD XHTML 1.0 Transitional//EN"
    "http://www.w3.org/TR/xhtml1/DTD/xhtml1-transitional.dtd">
<html xmlns="http://www.w3.org/1999/xhtml" xml:lang="en" lang="en">
 <head>
  <title>
</title>
<meta http-equiv="Content-Type" content="text/html;charset=utf-8" />
  <meta name='ocr-system' content='tesseract 3.04.00' />
  <meta name='ocr-capabilities' content='ocr_page ocr_carea ocr_par ocr_line ocrx_word'/>
</head>
<body>
  <div class='ocr_page' id='page_1' title='image "./suffraganeicolo00heisgoog_0012.png"; bbox 0 0 2832 4828; ppageno 0'>
   <div class='ocr_carea' id='block_1_1' title="bbox 413 1192 1010 1306">
    <p class='ocr_par' dir='ltr' id='par_1_1' title="bbox 413 1192 1010 1306">
     <span class='ocr_line' id='line_1_1' title="bbox 413 1192 1010 1306; baseline 0 -2"><span class='ocrx_word' id='word_1_1' title='bbox 413 1192 1010 1306; x_wconf 74' lang='lat' dir='ltr'><strong>Plsnlsmlo.</strong></span> 
     </span>
    </p>
   </div>
   <div class='ocr_carea' id='block_1_2' title="bbox 154 1553 1263 2689">
    <p class='ocr_par' dir='ltr' id='par_1_2' title="bbox 154 1553 1263 2689">
     <span class='ocr_line' id='line_1_2' title="bbox 164 1553 1263 1698; baseline -0.002 -34"><span class='ocrx_word' id='word_1_2' title='bbox 164 1553 284 1698; x_wconf 61' lang='lat' dir='ltr'><strong>Quid</strong></span> <span class='ocrx_word' id='word_1_3' title='bbox 309 1592 448 1664; x_wconf 92' lang='lat' dir='ltr'><strong>animum</strong></span> <span class='ocrx_word' id='word_1_4' title='bbox 472 1615 579 1662; x_wconf 89' lang='lat' dir='ltr'><strong>meum</strong></span> <span class='ocrx_word' id='word_1_5' title='bbox 595 1615 787 1688; x_wconf 86' lang='lat' dir='ltr'><strong>manumque</strong></span> <span class='ocrx_word' id='word_1_6' title='bbox 811 1591 949 1677; x_wconf 83' lang='lat' dir='ltr'><strong>duxerit,</strong></span> <span class='ocrx_word' id='word_1_7' title='bbox 969 1590 1109 1664; x_wconf 88' lang='lat' dir='ltr'><strong>Hcisteri</strong></span> <span class='ocrx_word' id='word_1_8' title='bbox 1125 1591 1174 1664; x_wconf 90' lang='lat' dir='ltr'><strong>vel</strong></span> <span class='ocrx_word' id='word_1_9' title='bbox 1196 1592 1263 1665; x_wconf 86' lang='lat' dir='ltr'><strong>Ge-</strong></span> 
     </span>
     <span class='ocr_line' id='line_1_3' title="bbox 161 1716 1263 1813; baseline 0.001 -25"><span class='ocrx_word' id='word_1_10' title='bbox 161 1718 233 1788; x_wconf 90' lang='lat' dir='ltr'><strong>lenii</strong></span> <span class='ocrx_word' id='word_1_11' title='bbox 261 1727 333 1789; x_wconf 88' lang='lat' dir='ltr'><strong>ante</strong></span> <span class='ocrx_word' id='word_1_12' title='bbox 357 1717 510 1804; x_wconf 77' lang='lat' dir='ltr'><strong>ducentos</strong></span> <span class='ocrx_word' id='word_1_13' title='bbox 535 1741 632 1789; x_wconf 93' lang='lat' dir='ltr'><strong>annos</strong></span> <span class='ocrx_word' id='word_1_14' title='bbox 651 1717 769 1788; x_wconf 86' lang='lat' dir='ltr'><strong>editum</strong></span> <span class='ocrx_word' id='word_1_15' title='bbox 794 1716 834 1787; x_wconf 89' lang='lat' dir='ltr'><strong>dc</strong></span> <span class='ocrx_word' id='word_1_16' title='bbox 854 1717 1079 1813; x_wconf 60' lang='lat' dir='ltr'><strong>suffraganeis,¹</strong></span> <span class='ocrx_word' id='word_1_17' title='bbox 1092 1717 1263 1789; x_wconf 88' lang='lat' dir='ltr'><strong>Colonien-</strong></span> 
     </span>
     <span class='ocr_line' id='line_1_4' title="bbox 160 1840 1262 1939; baseline -0.002 -25"><span class='ocrx_word' id='word_1_18' title='bbox 160 1842 246 1914; x_wconf 89' lang='lat' dir='ltr'><strong>sihus</strong></span> <span class='ocrx_word' id='word_1_19' title='bbox 282 1845 452 1939; x_wconf 81' lang='lat' dir='ltr'><strong>Spntagma</strong></span> <span class='ocrx_word' id='word_1_20' title='bbox 485 1841 672 1926; x_wconf 90' lang='lat' dir='ltr'><strong>renovandi,</strong></span> <span class='ocrx_word' id='word_1_21' title='bbox 708 1840 878 1938; x_wconf 81' lang='lat' dir='ltr'>ampliandi</span> <span class='ocrx_word' id='word_1_22' title='bbox 913 1851 945 1914; x_wconf 94' lang='lat' dir='ltr'><strong>et</strong></span> <span class='ocrx_word' id='word_1_23' title='bbox 978 1841 1197 1928; x_wconf 80' lang='lat' dir='ltr'><strong>continuandi,</strong></span> <span class='ocrx_word' id='word_1_24' title='bbox 1236 1842 1262 1914; x_wconf 91' lang='lat' dir='ltr'><strong>si</strong></span> 
     </span>
     <span class='ocr_line' id='line_1_5' title="bbox 159 1967 1262 2064; baseline -0.001 -25"><span class='ocrx_word' id='word_1_25' title='bbox 159 1967 240 2039; x_wconf 89' lang='lat' dir='ltr'><strong>scire</strong></span> <span class='ocrx_word' id='word_1_26' title='bbox 264 1967 320 2053; x_wconf 93' lang='lat' dir='ltr'><strong>vis,</strong></span> <span class='ocrx_word' id='word_1_27' title='bbox 348 1971 386 2039; x_wconf 93' lang='lat' dir='ltr'><strong>L.</strong></span> <span class='ocrx_word' id='word_1_28' title='bbox 412 1971 463 2054; x_wconf 87' lang='lat' dir='ltr'><strong>B.,</strong></span> <span class='ocrx_word' id='word_1_29' title='bbox 489 1967 596 2064; x_wconf 91' lang='lat' dir='ltr'><strong>paucis</strong></span> <span class='ocrx_word' id='word_1_30' title='bbox 621 1968 714 2038; x_wconf 85' lang='lat' dir='ltr'><strong>habe.</strong></span> <span class='ocrx_word' id='word_1_31' title='bbox 750 1967 971 2039; x_wconf 85' lang='lat' dir='ltr'><strong>Aemulatione</strong></span> <span class='ocrx_word' id='word_1_32' title='bbox 997 1967 1185 2040; x_wconf 81' lang='lat' dir='ltr'><strong>felicissima</strong></span> <span class='ocrx_word' id='word_1_33' title='bbox 1200 1969 1262 2038; x_wconf 93' lang='lat' dir='ltr'><strong>hoc</strong></span> 
     </span>
     <span class='ocr_line' id='line_1_6' title="bbox 160 2093 1262 2190; baseline 0.001 -26"><span class='ocrx_word' id='word_1_34' title='bbox 160 2117 242 2164; x_wconf 93' lang='lat' dir='ltr'><strong>anno</strong></span> <span class='ocrx_word' id='word_1_35' title='bbox 268 2094 392 2165; x_wconf 84' lang='lat' dir='ltr'><strong>excitati</strong></span> <span class='ocrx_word' id='word_1_36' title='bbox 417 2117 537 2178; x_wconf 90' lang='lat' dir='ltr'><strong>omnes,</strong></span> <span class='ocrx_word' id='word_1_37' title='bbox 572 2096 680 2190; x_wconf 81' lang='lat' dir='ltr'>Reges</span> <span class='ocrx_word' id='word_1_38' title='bbox 706 2103 738 2165; x_wconf 89' lang='lat' dir='ltr'><strong>et</strong></span> <span class='ocrx_word' id='word_1_39' title='bbox 762 2093 932 2188; x_wconf 74' lang='lat' dir='ltr'><strong>Principes,</strong></span> <span class='ocrx_word' id='word_1_40' title='bbox 960 2093 1123 2164; x_wconf 79' lang='lat' dir='ltr'><strong>domestici</strong></span> <span class='ocrx_word' id='word_1_41' title='bbox 1148 2103 1180 2165; x_wconf 88' lang='lat' dir='ltr'><strong>et</strong></span> <span class='ocrx_word' id='word_1_42' title='bbox 1205 2117 1262 2165; x_wconf 83' lang='lat' dir='ltr'><strong>er·</strong></span> 
     </span>
     <span class='ocr_line' id='line_1_7' title="bbox 158 2217 1262 2314; baseline 0.002 -26"><span class='ocrx_word' id='word_1_43' title='bbox 158 2218 268 2304; x_wconf 89' lang='lat' dir='ltr'><strong>tranei,</strong></span> <span class='ocrx_word' id='word_1_44' title='bbox 295 2219 351 2292; x_wconf 95' lang='lat' dir='ltr'><strong>viri</strong></span> <span class='ocrx_word' id='word_1_45' title='bbox 378 2229 410 2291; x_wconf 92' lang='lat' dir='ltr'><strong>ct</strong></span> <span class='ocrx_word' id='word_1_46' title='bbox 435 2219 582 2290; x_wconf 89' lang='lat' dir='ltr'><strong>mulieres</strong></span> <span class='ocrx_word' id='word_1_47' title='bbox 601 2243 663 2290; x_wconf 89' lang='lat' dir='ltr'><strong>una</strong></span> <span class='ocrx_word' id='word_1_48' title='bbox 684 2229 789 2290; x_wconf 88' lang='lat' dir='ltr'><strong>mente</strong></span> <span class='ocrx_word' id='word_1_49' title='bbox 809 2241 934 2314; x_wconf 88' lang='lat' dir='ltr'><strong>unaque</strong></span> <span class='ocrx_word' id='word_1_50' title='bbox 955 2217 1043 2314; x_wconf 91' lang='lat' dir='ltr'><strong>qnasi</strong></span> <span class='ocrx_word' id='word_1_51' title='bbox 1065 2241 1159 2290; x_wconf 90' lang='lat' dir='ltr'><strong>manu</strong></span> <span class='ocrx_word' id='word_1_52' title='bbox 1173 2217 1262 2290; x_wconf 92' lang='lat' dir='ltr'><strong>diur-</strong></span> 
     </span>
     <span class='ocr_line' id='line_1_8' title="bbox 158 2343 1262 2441; baseline 0.002 -28"><span class='ocrx_word' id='word_1_53' title='bbox 158 2366 231 2414; x_wconf 92' lang='lat' dir='ltr'><strong>nam</strong></span> <span class='ocrx_word' id='word_1_54' title='bbox 248 2354 497 2441; x_wconf 84' lang='lat' dir='ltr'><strong>nocturnamque</strong></span> <span class='ocrx_word' id='word_1_55' title='bbox 519 2343 704 2439; x_wconf 90' lang='lat' dir='ltr'><strong>impendunt</strong></span> <span class='ocrx_word' id='word_1_56' title='bbox 725 2367 853 2439; x_wconf 88' lang='lat' dir='ltr'><strong>operam</strong></span> <span class='ocrx_word' id='word_1_57' title='bbox 875 2353 908 2415; x_wconf 88' lang='lat' dir='ltr'><strong>et</strong></span> <span class='ocrx_word' id='word_1_58' title='bbox 921 2343 1072 2428; x_wconf 88' lang='lat' dir='ltr'><strong>laborem,</strong></span> <span class='ocrx_word' id='word_1_59' title='bbox 1095 2353 1131 2415; x_wconf 92' lang='lat' dir='ltr'><strong>ut</strong></span> <span class='ocrx_word' id='word_1_60' title='bbox 1145 2345 1262 2416; x_wconf 84' lang='lat' dir='ltr'><strong>Domi·</strong></span> 
     </span>
     <span class='ocr_line' id='line_1_9' title="bbox 157 2467 1260 2565; baseline 0.001 -26"><span class='ocrx_word' id='word_1_61' title='bbox 157 2469 262 2540; x_wconf 90' lang='lat' dir='ltr'><strong>nicum</strong></span> <span class='ocrx_word' id='word_1_62' title='bbox 289 2470 453 2565; x_wconf 88' lang='lat' dir='ltr'><strong>templum,</strong></span> <span class='ocrx_word' id='word_1_63' title='bbox 480 2467 565 2565; x_wconf 92' lang='lat' dir='ltr'><strong>quod</strong></span> <span class='ocrx_word' id='word_1_64' title='bbox 591 2479 639 2541; x_wconf 89' lang='lat' dir='ltr'><strong>est</strong></span> <span class='ocrx_word' id='word_1_65' title='bbox 652 2468 803 2540; x_wconf 84' lang='lat' dir='ltr'><strong>Coloniae</strong></span> <span class='ocrx_word' id='word_1_66' title='bbox 815 2468 1103 2563; x_wconf 88' lang='lat' dir='ltr'><strong>Metropolitanum,</strong></span> <span class='ocrx_word' id='word_1_67' title='bbox 1117 2478 1260 2564; x_wconf 90' lang='lat' dir='ltr'><strong>reparato</strong></span> 
     </span>
     <span class='ocr_line' id='line_1_10' title="bbox 154 2593 1261 2689; baseline 0 -25"><span class='ocrx_word' id='word_1_68' title='bbox 154 2595 220 2689; x_wconf 85' lang='lat' dir='ltr'><strong>jam</strong></span> <span class='ocrx_word' id='word_1_69' title='bbox 247 2595 365 2680; x_wconf 91' lang='lat' dir='ltr'><strong>choro,</strong></span> <span class='ocrx_word' id='word_1_70' title='bbox 392 2593 608 2665; x_wconf 86' lang='lat' dir='ltr'><strong>reaedificatur</strong></span> <span class='ocrx_word' id='word_1_71' title='bbox 634 2604 684 2680; x_wconf 89' lang='lat' dir='ltr'><strong>et,</strong></span> <span class='ocrx_word' id='word_1_72' title='bbox 716 2593 888 2666; x_wconf 87' lang='lat' dir='ltr'><strong>laventibus</strong></span> <span class='ocrx_word' id='word_1_73' title='bbox 914 2593 1060 2687; x_wconf 84' lang='lat' dir='ltr'><strong>Superis,</strong></span> <span class='ocrx_word' id='word_1_74' title='bbox 1088 2594 1261 2684; x_wconf 79' lang='lat' dir='ltr'><strong>sccundurp</strong></span> 
     </span>
    </p>
   </div>
   <div class='ocr_carea' id='block_1_3' title="bbox 158 2715 1383 2814">
    <p class='ocr_par' dir='ltr' id='par_1_3' title="bbox 158 2715 1383 2814">
     <span class='ocr_line' id='line_1_11' title="bbox 158 2715 1383 2814; baseline 0 -26"><span class='ocrx_word' id='word_1_75' title='bbox 158 2719 377 2814; x_wconf 81' lang='lat' dir='ltr'><strong>primigeniam</strong></span> <span class='ocrx_word' id='word_1_76' title='bbox 412 2718 654 2790; x_wconf 80' lang='lat' dir='ltr'><strong>delineationem</strong></span> <span class='ocrx_word' id='word_1_77' title='bbox 689 2718 884 2802; x_wconf 79' lang='lat' dir='ltr'><strong>absolvatur,</strong></span> <span class='ocrx_word' id='word_1_78' title='bbox 920 2718 1108 2789; x_wconf 89' lang='lat' dir='ltr'><strong>Miraculnm</strong></span> <span class='ocrx_word' id='word_1_79' title='bbox 1136 2717 1258 2804; x_wconf 89' lang='lat' dir='ltr'><strong>mundi,</strong></span> <span class='ocrx_word' id='word_1_80' title='bbox 1379 2715 1383 2722; x_wconf 53' lang='lat'><em>⁴</em></span> 
     </span>
    </p>
   </div>
   <div class='ocr_carea' id='block_1_4' title="bbox 107 2841 1344 4440">
    <p class='ocr_par' dir='ltr' id='par_1_4' title="bbox 107 2841 1344 4440">
     <span class='ocr_line' id='line_1_12' title="bbox 157 2841 1339 2936; baseline 0.001 -25"><span class='ocrx_word' id='word_1_81' title='bbox 157 2864 296 2936; x_wconf 88' lang='lat' dir='ltr'><strong>perenne</strong></span> <span class='ocrx_word' id='word_1_82' title='bbox 311 2845 498 2914; x_wconf 87' lang='lat' dir='ltr'><strong>Germaniae</strong></span> <span class='ocrx_word' id='word_1_83' title='bbox 520 2853 768 2927; x_wconf 89' lang='lat' dir='ltr'><strong>monumentum,</strong></span> <span class='ocrx_word' id='word_1_84' title='bbox 783 2841 1066 2936; x_wconf 86' lang='lat' dir='ltr'><strong>Archiepiscopalis</strong></span> <span class='ocrx_word' id='word_1_85' title='bbox 1085 2841 1260 2913; x_wconf 87' lang='lat' dir='ltr'><strong>Cathedrae</strong></span> <span class='ocrx_word' id='word_1_86' title='bbox 1338 2892 1339 2896; x_wconf 63' lang='lat'><strong>,</strong></span> 
     </span>
     <span class='ocr_line' id='line_1_13' title="bbox 107 2967 1259 3064; baseline 0 -26"><span class='ocrx_word' id='word_1_87' title='bbox 107 2991 113 2998; x_wconf 82' lang='grc'><strong>’</strong></span> <span class='ocrx_word' id='word_1_88' title='bbox 157 2977 388 3038; x_wconf 86' lang='lat' dir='ltr'><strong>ornamentum.</strong></span> <span class='ocrx_word' id='word_1_89' title='bbox 449 2968 513 3040; x_wconf 90' lang='lat' dir='ltr'><strong>Sed</strong></span> <span class='ocrx_word' id='word_1_90' title='bbox 537 2978 642 3039; x_wconf 89' lang='lat' dir='ltr'><strong>sancta</strong></span> <span class='ocrx_word' id='word_1_91' title='bbox 669 2967 801 3038; x_wconf 83' lang='lat' dir='ltr'><strong>Colonia</strong></span> <span class='ocrx_word' id='word_1_92' title='bbox 830 2976 954 3064; x_wconf 88' lang='lat' dir='ltr'><strong>praeter</strong></span> <span class='ocrx_word' id='word_1_93' title='bbox 978 2967 1139 3038; x_wconf 90' lang='lat' dir='ltr'><strong>materiale</strong></span> <span class='ocrx_word' id='word_1_94' title='bbox 1164 2967 1259 3039; x_wconf 90' lang='lat' dir='ltr'><strong>habet</strong></span> 
     </span>
     <span class='ocr_line' id='line_1_14' title="bbox 157 3090 1258 3186; baseline -0.001 -24"><span class='ocrx_word' id='word_1_95' title='bbox 157 3090 251 3174; x_wconf 80' lang='lat' dir='ltr'><strong>etiarn</strong></span> <span class='ocrx_word' id='word_1_96' title='bbox 277 3091 436 3186; x_wconf 90' lang='lat' dir='ltr'><strong>spirituale</strong></span> <span class='ocrx_word' id='word_1_97' title='bbox 460 3093 632 3186; x_wconf 90' lang='lat' dir='ltr'><strong>templum,</strong></span> <span class='ocrx_word' id='word_1_98' title='bbox 661 3091 765 3186; x_wconf 92' lang='lat' dir='ltr'><strong>quod,</strong></span> <span class='ocrx_word' id='word_1_99' title='bbox 793 3091 901 3162; x_wconf 88' lang='lat' dir='ltr'><strong>nime</strong></span> <span class='ocrx_word' id='word_1_100' title='bbox 927 3091 1030 3162; x_wconf 90' lang='lat' dir='ltr'><strong>omnia</strong></span> <span class='ocrx_word' id='word_1_101' title='bbox 1056 3093 1180 3178; x_wconf 87' lang='lat' dir='ltr'><strong>fallant,</strong></span> <span class='ocrx_word' id='word_1_102' title='bbox 1207 3091 1258 3161; x_wconf 92' lang='lat' dir='ltr'><strong>in·</strong></span> 
     </span>
     <span class='ocr_line' id='line_1_15' title="bbox 155 3213 1256 3310; baseline 0.002 -25"><span class='ocrx_word' id='word_1_103' title='bbox 155 3213 242 3310; x_wconf 81' lang='lat' dir='ltr'><strong>diget</strong></span> <span class='ocrx_word' id='word_1_104' title='bbox 279 3215 480 3288; x_wconf 88' lang='lat' dir='ltr'><strong>renovatione</strong></span> <span class='ocrx_word' id='word_1_105' title='bbox 515 3225 547 3286; x_wconf 90' lang='lat' dir='ltr'><strong>et</strong></span> <span class='ocrx_word' id='word_1_106' title='bbox 579 3215 793 3287; x_wconf 88' lang='lat' dir='ltr'><strong>aedificatione</strong></span> <span class='ocrx_word' id='word_1_107' title='bbox 830 3217 982 3288; x_wconf 87' lang='lat' dir='ltr'><strong>ulteriori.</strong></span> <span class='ocrx_word' id='word_1_108' title='bbox 1049 3217 1138 3288; x_wconf 88' lang='lat' dir='ltr'><strong>Sicut</strong></span> <span class='ocrx_word' id='word_1_109' title='bbox 1174 3215 1256 3287; x_wconf 92' lang='lat' dir='ltr'><strong>enim</strong></span> 
     </span>
     <span class='ocr_line' id='line_1_16' title="bbox 155 3339 1259 3436; baseline 0.003 -27"><span class='ocrx_word' id='word_1_110' title='bbox 155 3340 300 3434; x_wconf 85' lang='lat' dir='ltr'><strong>Apostoli</strong></span> <span class='ocrx_word' id='word_1_111' title='bbox 325 3349 397 3412; x_wconf 93' lang='lat' dir='ltr'><strong>sunt</strong></span> <span class='ocrx_word' id='word_1_112' title='bbox 431 3339 665 3412; x_wconf 83' lang='lat' dir='ltr'><strong>fundamentum</strong></span> <span class='ocrx_word' id='word_1_113' title='bbox 699 3339 860 3411; x_wconf 87' lang='lat' dir='ltr'><strong>Ecclesiae</strong></span> <span class='ocrx_word' id='word_1_114' title='bbox 886 3341 1113 3436; x_wconf 90' lang='lat' dir='ltr'><strong>spiritualisque</strong></span> <span class='ocrx_word' id='word_1_115' title='bbox 1136 3342 1259 3436; x_wconf 88' lang='lat' dir='ltr'><strong>templi,</strong></span> 
     </span>
     <span class='ocr_line' id='line_1_17' title="bbox 155 3463 1344 3560; baseline 0.007 -28"><span class='ocrx_word' id='word_1_116' title='bbox 155 3463 197 3535; x_wconf 89' lang='lat' dir='ltr'><strong>ita</strong></span> <span class='ocrx_word' id='word_1_117' title='bbox 220 3465 370 3560; x_wconf 87' lang='lat' dir='ltr'><strong>Episcopi</strong></span> <span class='ocrx_word' id='word_1_118' title='bbox 397 3475 429 3536; x_wconf 88' lang='lat' dir='ltr'><strong>et</strong></span> <span class='ocrx_word' id='word_1_119' title='bbox 454 3465 567 3536; x_wconf 91' lang='lat' dir='ltr'><strong>summi</strong></span> <span class='ocrx_word' id='word_1_120' title='bbox 593 3465 766 3560; x_wconf 81' lang='lat' dir='ltr'><strong>Praepositi</strong></span> <span class='ocrx_word' id='word_1_121' title='bbox 792 3474 873 3551; x_wconf 93' lang='lat' dir='ltr'><strong>sunt,</strong></span> <span class='ocrx_word' id='word_1_122' title='bbox 897 3465 1002 3560; x_wconf 89' lang='lat' dir='ltr'><strong>judice</strong></span> <span class='ocrx_word' id='word_1_123' title='bbox 1028 3465 1110 3537; x_wconf 90' lang='lat' dir='ltr'><strong>Divo</strong></span> <span class='ocrx_word' id='word_1_124' title='bbox 1136 3465 1258 3536; x_wconf 87' lang='lat' dir='ltr'><strong>Hiero·</strong></span> <span class='ocrx_word' id='word_1_125' title='bbox 1339 3531 1344 3540; x_wconf 94' lang='lat'>.</span> 
     </span>
     <span class='ocr_line' id='line_1_18' title="bbox 154 3589 1262 3685; baseline 0.004 -27"><span class='ocrx_word' id='word_1_126' title='bbox 154 3613 248 3685; x_wconf 80' lang='lat' dir='ltr'><strong>nymo</strong></span> <span class='ocrx_word' id='word_1_127' title='bbox 275 3590 376 3684; x_wconf 87' lang='lat' dir='ltr'><strong>Epist.</strong></span> <span class='ocrx_word' id='word_1_128' title='bbox 406 3593 488 3661; x_wconf 77' lang='lat'><strong>122.</strong></span> <span class='ocrx_word' id='word_1_129' title='bbox 515 3590 554 3661; x_wconf 93' lang='lat' dir='ltr'><strong>ad</strong></span> <span class='ocrx_word' id='word_1_130' title='bbox 578 3590 762 3675; x_wconf 89' lang='lat' dir='ltr'><strong>Rusticum,</strong></span> <span class='ocrx_word' id='word_1_131' title='bbox 807 3589 889 3660; x_wconf 89' lang='lat' dir='ltr'><strong>muri</strong></span> <span class='ocrx_word' id='word_1_132' title='bbox 925 3599 957 3660; x_wconf 89' lang='lat' dir='ltr'><strong>et</strong></span> <span class='ocrx_word' id='word_1_133' title='bbox 982 3601 1083 3662; x_wconf 92' lang='lat' dir='ltr'><strong>tnrres</strong></span> <span class='ocrx_word' id='word_1_134' title='bbox 1109 3600 1141 3662; x_wconf 90' lang='lat' dir='ltr'><strong>ct</strong></span> <span class='ocrx_word' id='word_1_135' title='bbox 1165 3592 1262 3680; x_wconf 76' lang='lat' dir='ltr'><strong>colu·¹</strong></span> 
     </span>
     <span class='ocr_line' id='line_1_19' title="bbox 153 3715 1253 3812; baseline 0.004 -30"><span class='ocrx_word' id='word_1_136' title='bbox 153 3736 257 3786; x_wconf 90' lang='lat' dir='ltr'><strong>mnae.</strong></span> <span class='ocrx_word' id='word_1_137' title='bbox 291 3716 427 3786; x_wconf 86' lang='lat' dir='ltr'><strong>Tentare</strong></span> <span class='ocrx_word' id='word_1_138' title='bbox 453 3739 530 3812; x_wconf 83' lang='lat' dir='ltr'><strong>ergo</strong></span> <span class='ocrx_word' id='word_1_139' title='bbox 557 3715 716 3810; x_wconf 91' lang='lat' dir='ltr'><strong>proposui,</strong></span> <span class='ocrx_word' id='word_1_140' title='bbox 744 3740 808 3786; x_wconf 93' lang='lat' dir='ltr'><strong>non</strong></span> <span class='ocrx_word' id='word_1_141' title='bbox 833 3715 1018 3787; x_wconf 89' lang='lat' dir='ltr'><strong>temerarius</strong></span> <span class='ocrx_word' id='word_1_142' title='bbox 1038 3715 1253 3800; x_wconf 84' lang='lat' dir='ltr'><strong>Architecton,</strong></span> 
     </span>
     <span class='ocr_line' id='line_1_20' title="bbox 153 3839 1255 3935; baseline 0.001 -27"><span class='ocrx_word' id='word_1_143' title='bbox 153 3839 387 3912; x_wconf 83' lang='lat' dir='ltr'><strong>renovationem</strong></span> <span class='ocrx_word' id='word_1_144' title='bbox 403 3849 435 3912; x_wconf 89' lang='lat' dir='ltr'><strong>et</strong></span> <span class='ocrx_word' id='word_1_145' title='bbox 452 3839 717 3924; x_wconf 88' lang='lat' dir='ltr'><strong>continuationem</strong></span> <span class='ocrx_word' id='word_1_146' title='bbox 730 3839 825 3934; x_wconf 89' lang='lat' dir='ltr'><strong>partis</strong></span> <span class='ocrx_word' id='word_1_147' title='bbox 838 3840 983 3934; x_wconf 89' lang='lat' dir='ltr'><strong>alicujus,</strong></span> <span class='ocrx_word' id='word_1_148' title='bbox 1011 3863 1083 3910; x_wconf 90' lang='lat' dir='ltr'><strong>cum</strong></span> <span class='ocrx_word' id='word_1_149' title='bbox 1099 3839 1255 3935; x_wconf 85' lang='lat' dir='ltr'><strong>integrum</strong></span> 
     </span>
     <span class='ocr_line' id='line_1_21' title="bbox 152 3963 1254 4060; baseline 0.001 -27"><span class='ocrx_word' id='word_1_150' title='bbox 152 3963 305 4058; x_wconf 87' lang='lat' dir='ltr'><strong>perficere</strong></span> <span class='ocrx_word' id='word_1_151' title='bbox 330 3987 394 4034; x_wconf 94' lang='lat' dir='ltr'><strong>non</strong></span> <span class='ocrx_word' id='word_1_152' title='bbox 413 3965 540 4060; x_wconf 89' lang='lat' dir='ltr'><strong>possim,</strong></span> <span class='ocrx_word' id='word_1_153' title='bbox 568 3965 659 4037; x_wconf 93' lang='lat' dir='ltr'><strong>unius</strong></span> <span class='ocrx_word' id='word_1_154' title='bbox 680 3987 793 4059; x_wconf 88' lang='lat' dir='ltr'><strong>nempe</strong></span> <span class='ocrx_word' id='word_1_155' title='bbox 818 3987 936 4050; x_wconf 90' lang='lat' dir='ltr'><strong>earum,</strong></span> <span class='ocrx_word' id='word_1_156' title='bbox 964 3965 1077 4060; x_wconf 91' lang='lat' dir='ltr'><strong>quihus</strong></span> <span class='ocrx_word' id='word_1_157' title='bbox 1101 3966 1254 4059; x_wconf 89' lang='lat' dir='ltr'><strong>templum</strong></span> 
     </span>
     <span class='ocr_line' id='line_1_22' title="bbox 153 4089 1254 4185; baseline 0 -25"><span class='ocrx_word' id='word_1_158' title='bbox 153 4089 299 4185; x_wconf 86' lang='lat' dir='ltr'><strong>Spiritale</strong></span> <span class='ocrx_word' id='word_1_159' title='bbox 332 4091 457 4163; x_wconf 90' lang='lat' dir='ltr'><strong>lnlcitur</strong></span> <span class='ocrx_word' id='word_1_160' title='bbox 482 4091 650 4174; x_wconf 90' lang='lat' dir='ltr'><strong>columnis,</strong></span> <span class='ocrx_word' id='word_1_161' title='bbox 690 4099 814 4161; x_wconf 88' lang='lat' dir='ltr'><strong>acturus</strong></span> <span class='ocrx_word' id='word_1_162' title='bbox 848 4089 888 4160; x_wconf 88' lang='lat' dir='ltr'><strong>dc</strong></span> <span class='ocrx_word' id='word_1_163' title='bbox 914 4089 1130 4184; x_wconf 87' lang='lat' dir='ltr'><strong>Proepiscopis</strong></span> <span class='ocrx_word' id='word_1_164' title='bbox 1156 4089 1254 4160; x_wconf 87' lang='lat' dir='ltr'><strong>Colo·</strong></span> 
     </span>
     <span class='ocr_line' id='line_1_23' title="bbox 152 4212 1252 4310; baseline 0.002 -28"><span class='ocrx_word' id='word_1_165' title='bbox 152 4213 313 4287; x_wconf 89' lang='lat' dir='ltr'><strong>niensibus</strong></span> <span class='ocrx_word' id='word_1_166' title='bbox 339 4216 403 4290; x_wconf 91' lang='lat' dir='ltr'><strong>sive</strong></span> <span class='ocrx_word' id='word_1_167' title='bbox 429 4214 678 4287; x_wconf 80' lang='lat' dir='ltr'><strong>entraordinariis</strong></span> <span class='ocrx_word' id='word_1_168' title='bbox 705 4214 926 4310; x_wconf 82' lang='lat' dir='ltr'><strong>suffraganeis.</strong></span> <span class='ocrx_word' id='word_1_169' title='bbox 988 4217 1055 4284; x_wconf 90' lang='lat' dir='ltr'><strong>Eos</strong></span> <span class='ocrx_word' id='word_1_170' title='bbox 1080 4212 1164 4283; x_wconf 90' lang='lat' dir='ltr'><strong>cnim</strong></span> <span class='ocrx_word' id='word_1_171' title='bbox 1188 4237 1252 4291; x_wconf 90' lang='lat' dir='ltr'><strong>non</strong></span> 
     </span>
     <span class='ocr_line' id='line_1_24' title="bbox 151 4337 1250 4440; baseline 0.001 -31"><span class='ocrx_word' id='word_1_172' title='bbox 151 4337 276 4413; x_wconf 89' lang='lat' dir='ltr'><strong>ultimas</strong></span> <span class='ocrx_word' id='word_1_173' title='bbox 301 4340 332 4412; x_wconf 96' lang='lat' dir='ltr'><strong>in</strong></span> <span class='ocrx_word' id='word_1_174' title='bbox 357 4341 515 4440; x_wconf 88' lang='lat' dir='ltr'><strong>Ecclesia</strong></span> <span class='ocrx_word' id='word_1_175' title='bbox 533 4339 708 4438; x_wconf 87' lang='lat' dir='ltr'><strong>specialiter</strong></span> <span class='ocrx_word' id='word_1_176' title='bbox 738 4339 918 4412; x_wconf 85' lang='lat' dir='ltr'><strong>Coloniensi</strong></span> <span class='ocrx_word' id='word_1_177' title='bbox 950 4339 1044 4412; x_wconf 92' lang='lat' dir='ltr'><strong>luisse</strong></span> <span class='ocrx_word' id='word_1_178' title='bbox 1079 4338 1250 4427; x_wconf 88' lang='lat' dir='ltr'><strong>columnas,</strong></span> 
     </span>
    </p>
   </div>
   <div class='ocr_carea' id='block_1_5' title="bbox 0 0 1420 4828">
    <p class='ocr_par' dir='ltr' id='par_1_5' title="bbox 0 0 1420 4828">
     <span class='ocr_line' id='line_1_25' title="bbox 0 0 1420 4828; baseline 0 4"><span class='ocrx_word' id='word_1_179' title='bbox 0 0 1420 4828; x_wconf 95' lang='lat' dir='ltr'><strong> </strong></span> 
     </span>
    </p>
   </div>
  </div>
 </body>
</html>
