2832 4828
644 409 692 483 93

120 610 282 674 uisitatione
309 609 520 688 amemetipso
546 609 661 688 peracta
687 606 832 687 aliquibus
858 608 888 668 in
918 605 989 669 locis
1009 605 1223 686 deprehensum

120 719 218 794 tuisse,
234 723 366 799 pastores
388 721 521 796 exiguam
539 717 647 778 habere
668 735 768 778 curam
787 717 977 778 Decretorum
1000 715 1109 795 Synodi
1132 710 1228 773 1662..

120 831 147 890 in
164 827 219 888 hac
237 825 451 888 Archidioecesi
469 825 592 900 habitae,
623 827 652 885 et
678 828 778 904 siqua
801 825 832 884 in
861 842 894 884 re
916 827 1016 884 contra
1042 823 1145 883 eadem
1168 823 1222 881 im·

120 939 238 1016 pingere
255 939 401 1008 notantur,
419 953 523 996 eorum
547 937 691 996 carentiae
716 938 868 1010 praetextu
890 951 954 994 seso
973 948 1110 993 excusare
1126 931 1224 990 nitun-

121 1051 176 1106 tur.
207 1041 283 1106 Cum
305 1049 402 1105 autem
420 1044 570 1122 indignum
589 1044 635 1116 sit,
657 1043 764 1121 proprii
782 1041 974 1120 Episcopatus
991 1038 1069 1118 leges
1084 1041 1223 1118 ignorare,

120 1154 312 1216 admonentur
336 1170 447 1226 omnes,
473 1157 506 1212 ul
529 1151 668 1212 dediciis
695 1152 818 1213 decretis
838 1150 892 1211 sibi
917 1149 1117 1226 comparandis
1137 1145 1224 1230 (quae

120 1261 274 1323 utilissima
296 1263 443 1322 continent
464 1265 494 1322 et
514 1263 592 1340 ipsos
617 1259 758 1340 parochos
783 1260 858 1320 circa
876 1259 1047 1319 exercitium
1066 1257 1152 1318 officii
1179 1257 1225 1316 sui

120 1389 177 1430 non
202 1371 360 1446 vulgariter
378 1367 534 1450 instruunt)
555 1368 669 1430 solliciti
688 1370 755 1443 sint,
775 1373 803 1430 et
825 1387 927 1430 eorum
948 1367 1181 1437 excusationem,
1200 1364 1226 1426 si

120 1483 220 1540 contra
246 1478 295 1539 illa
320 1479 434 1540 decreta
463 1480 623 1558 impingere
645 1477 810 1556 contigerit,
837 1478 972 1554 deinceps
993 1492 1051 1536 non
1072 1473 1226 1534 admitten-

120 1588 187 1648 dam
215 1588 316 1649 sciant.
335 1619 374 1633 -
399 1587 532 1668 Denique
552 1590 637 1648 exim.
662 1587 887 1648 dominationem
910 1589 1037 1648 uestram
1054 1582 1225 1644 latereuon

120 1693 210 1768 volui,
230 1714 334 1756 novam
358 1693 507 1775 Agendum
531 1713 585 1773 pro
613 1694 667 1756 bac
688 1695 902 1757 Archidioecesi
920 1692 1151 1772 imprimendam.
1193 1689 1225 1754 Si

120 1805 149 1863 in
175 1805 293 1880 antiqua
313 1787 381 1862 hinc
406 1803 474 1864 inde
498 1804 642 1882 quaedam
666 1823 703 1865 ex
727 1805 810 1884 praxi
837 1804 994 1876 notaverit,
1014 1819 1088 1880 quae
1107 1817 1160 1879 pro
1177 1815 1226 1876 pa·

120 1909 276 1972 rochorum
296 1912 484 1971 instructione
509 1916 537 1972 et
557 1913 687 1974 muueris
706 1911 857 1992 pastoralis
876 1910 1013 1972 exercitio
1037 1910 1118 1983 addi,
1146 1908 1225 1970 demi

120 2018 167 2080 rel
186 2017 257 2079 alias
273 2019 375 2097 corrigi
397 2018 503 2080 debere
520 2024 645 2092 censeat,
670 2021 699 2081 id
718 2019 790 2080 milri
803 2021 935 2098 proxime
953 2021 1095 2097 suggerat,
1119 2020 1151 2077 ut
1172 2015 1224 2076 ali·

120 2133 192 2206 quot
217 2126 433 2206 Theologorum
465 2130 656 2206 practicorum
680 2128 788 2208 judicio
811 2128 983 2202 examinari,
1016 2129 1045 2187 et
1075 2128 1161 2204 prout
1193 2123 1225 2187 hi

115 2235 324 2314 judicaverint,
340 2253 432 2296 novae
454 2236 572 2297 editioni
591 2238 680 2298 inseri
697 2237 801 2298 valeat.
882 2249 885 2254 '

181 2344 315 2404 Exaratis
344 2341 390 2404 his
412 2343 513 2404 litteris
536 2345 645 2422 accipio
672 2345 772 2407 Bonna
801 2345 946 2421 edictum,
980 2343 1058 2423 quod
1086 2341 1115 2402 in
1138 2360 1224 2405 causa

117 2451 306 2532 synodalium
337 2453 623 2527 constituendorum,
651 2471 705 2513 nec
733 2473 791 2515 non
812 2454 848 2513 ad
874 2453 1050 2532 abrogandas
1069 2455 1224 2514 nocturnas

120 2561 315 2639 divagationes
338 2560 467 2639 aliasque
493 2563 593 2622 noxias
621 2561 787 2623 insolentias
812 2561 953 2623 Sereniss.
979 2561 1112 2635 Elector,
1143 2561 1225 2622 linus

120 2673 220 2730 noster
241 2667 381 2748 publicari
399 2669 494 2748 jussit.
535 2669 566 2731 Si
593 2672 622 2730 in
641 2671 770 2732 districtu
793 2669 1016 2732 Christianitatis
1035 2673 1149 2731 restrae
1168 2673 1225 2730 ter·

120 2778 213 2840 ritorii
240 2775 401 2838 Montensis
426 2795 479 2837 seu
494 2777 665 2839 iuliacensis
682 2778 792 2840 similes
812 2797 948 2840 excessus
971 2779 1085 2858 uigeant
1101 2781 1152 2838 aut
1171 2777 1225 2858 Sy·

120 2883 242 2964 nodales
262 2885 365 2960 desint,
386 2883 560 2946 rescribatur
578 2885 659 2960 milri,
684 2891 716 2946 ut
741 2887 833 2966 possit
852 2887 977 2965 desuper
998 2885 1085 2948 scribi
1103 2885 1225 2947 Dussel-

120 2994 293 3074 dorpium.“

183 3100 266 3163 Haec
275 3101 393 3182 Agenda
407 3107 471 3181 post
491 3107 608 3164 centum
629 3105 870 3184 etrigintiannos
892 3121 998 3166 novam
1020 3108 1121 3186 utique
1142 3123 1224 3166 reco-

121 3212 282 3291 gnitionem
303 3213 408 3274 nostris
437 3212 616 3291 temporibus
638 3217 792 3291 exspectat.
825 3215 858 3274 lu
879 3213 1042 3275 subsidium
1064 3213 1139 3274 edita
1160 3215 1225 3292 qui·

121 3323 189 3382 dem
220 3325 288 3382 sunt
320 3324 419 3400 paucis
446 3321 550 3382 abhinc
576 3323 658 3384 annis
679 3323 850 3400 compendia
872 3323 1033 3402 quaedam,
1066 3322 1224 3402 inquibus

121 3429 206 3492 devia
228 3430 369 3507 quaedam
391 3429 538 3492 observari
559 3431 635 3493 licet.
683 3431 789 3493 Nescio
810 3434 902 3506 enim,
926 3449 983 3510 qua
1004 3433 1174 3492 auctoritate
1194 3433 1224 3492 in

121 3537 295 3616 quibusdem
318 3536 459 3616 ejusmodi
481 3537 562 3600 libris
583 3539 773 3618 pastoralibus
794 3543 856 3601 sive
878 3537 1064 3618 Compendiis
1084 3544 1143 3600 tres
1159 3541 1224 3604 tau-

120 3650 184 3706 tum
205 3646 234 3705 in
255 3645 380 3707 solemni
401 3647 567 3724 nuptiarum
589 3647 788 3711 benedictione
808 3649 995 3722 adducantur,
1017 3665 1084 3708 cum
1102 3648 1131 3708 in
1153 3649 1224 3710 alte·

120 3753 179 3815 iata
209 3754 328 3833 Agenda
358 3775 463 3818 novem
496 3757 734 3834 praescribantur.
784 3757 904 3819 Caetera
935 3762 1091 3818 taceamus.
1134 3757 1224 3819 Desiit

121 3866 222 3925 rivere
242 3865 344 3926 loann.
365 3864 529 3926 Wernerus
558 3864 609 3926 30.
630 3865 764 3928 Octobris
787 3863 878 3928 1723.
921 3866 1023 3928 Exstat
1043 3866 1223 3948 epitaphium

121 3971 186 4054 ejus
208 3975 237 4033 in
258 3972 389 4034 Ecclesia
410 3973 633 4051 Metropolitum
653 3972 740 4053 hujus
764 3977 888 4036 tenoris:
