2832 4828
656 365 659 370 ,
709 321 734 394 b

163 521 315 597 dabantur,
336 525 366 584 iu
388 503 494 602 unibus
515 539 569 585 sua
591 525 688 585 munia
710 523 837 599 obirent,
860 529 893 586 ut
913 525 992 604 opud
1013 525 1187 605 Gregorium
1208 523 1271 585 Tu·
1405 513 1406 594 ζ

162 649 277 694 roceas.
299 631 364 694 libr.
385 630 435 693 IV.
455 630 531 694 Hist.
553 649 615 712 cap.
639 631 688 694 18.
710 630 786 695 Cum
808 631 928 695 iliorum
953 635 1131 697 consecratio
1150 633 1271 710 saepius

161 739 249 804 dubia
273 739 343 814 init,
373 737 536 803 Concilium
558 727 709 802 Verneuse
738 741 775 802 de
803 761 878 804 anno
900 741 972 804 755.
994 761 1057 821 cap.
1081 741 1129 804 13.
1151 743 1269 804 statuit:

162 848 391 928 „DeEpiscopis
413 847 593 928 vagantibus,
615 851 665 928 qui
687 849 837 928 parochias
860 869 918 912 non
939 850 1062 925 habeut,
1086 868 1140 912 ncc
1160 852 1270 912 scimus

162 957 375 1022 ordinationem
396 975 516 1028 eornm,
539 956 665 1036 quatitur
685 956 755 1033 iuit;
778 957 887 1036 placuit
904 959 985 1038 juxta
1007 961 1136 1025 instituta
1156 965 1271 1022 sanctu·

161 1085 229 1130 rum
251 1071 484 1147 patrum,utnec
505 1067 534 1129 in
556 1063 674 1128 atterius
696 1066 832 1144 parocbia
845 1069 1017 1143 miniscere,
1032 1085 1089 1130 nec
1109 1068 1199 1134 utiam
1220 1065 1271 1132 or·'

161 1176 337 1238 dicationem
357 1170 452 1238 iacere
474 1173 598 1236 debeant
618 1175 693 1254 sine.
699 1174 830 1254 jussione
852 1177 1006 1256 Episcopi,
1028 1176 1109 1256 cujus
1131 1177 1270 1255 parochia

161 1290 214 1349 cst.
257 1285 340 1346 Etsi
362 1282 418 1346 hoc
445 1281 537 1344 iacere
564 1286 824 1362 praesumpserint,
853 1284 890 1346 ab
919 1285 1015 1349 officio
1044 1286 1268 1365 suspendantur,

162 1393 276 1456 interim
298 1393 377 1474 quod
398 1391 436 1454 ad
457 1392 607 1473 Synodum
629 1392 733 1454 exinde
755 1392 902 1462 venerint,
926 1396 956 1454 et
976 1393 1084 1456 ibidem
1106 1395 1268 1456 secundum

160 1503 326 1568 canonicum
360 1501 568 1562 institutionem
598 1501 738 1580 accipiant
768 1503 957 1578 senteutiam,
987 1503 1040 1564 nisi
1071 1507 1183 1588 tantum
1212 1519 1267 1582 pro

161 1609 272 1672 itineris
292 1625 389 1670 causa.
413 1607 471 1670 Et
491 1610 515 1669 si
537 1606 617 1670 nilus
638 1609 762 1672 clericus
783 1613 834 1672 ant
855 1608 945 1676 laicus
965 1609 1054 1672 talem
1067 1677 1070 1680 ,
1085 1610 1265 1690 Episcopum

160 1721 211 1780 aut
242 1715 443 1796 presbyterum
479 1713 672 1780 defensaverit
701 1717 765 1780 sine
792 1723 958 1780 commeatu
988 1719 1146 1799 Episcopi,
1183 1719 1267 1799 eujus

160 1823 295 1908 parochia
316 1827 370 1902 cst,
392 1827 659 1889 excommunicetur
674 1843 767 1905 usquc
788 1827 825 1888 ad
844 1827 1142 1906 emendationem‘ss).
1173 1827 1267 1892 Muris

160 1936 330 2016 praesertim
362 1937 424 1996 erat
452 1932 530 2012 apud
550 1932 653 1996 Scotos
674 1939 704 1995 et
724 1933 888 2010 Hibernos,
919 1941 951 1997 nt
972 1934 1073 2014 plures
1093 1937 1264 2016 Episcopus,

159 2045 230 2110 sede
251 2047 390 2118 carentes,
412 2045 562 2117 crearent,
584 2045 634 2122 qui
656 2042 760 2104 deinde
782 2046 874 2122 patria
895 2043 1088 2118 excedebant,
1110 2051 1140 2108 et
1160 2049 1190 2106 in
1212 2066 1265 2108 cx-

158 2157 235 2218 teris.
249 2151 415 2233 regionibus
434 2149 608 2230 episcopatio
626 2153 727 2214 munia
743 2153 924 2229 exercebant,
947 2154 984 2215 dc
1005 2152 1195 2233 quibustuse
1206 2155 1266 2234 agit

158 2261 290 2326 Eckhart
308 2261 393 2322 Tum.
415 2259 437 2320 Ι.
459 2257 561 2322 Erana
593 2258 734 2322 Orientai.
763 2277 826 2342 pag.
847 2260 919 2325 273.
942 2260 1130 2325 Mabitlonius
1159 2261 1265 2324 dunat.

158 2371 306 2435 Benedict.
351 2368 437 2430 Toni.
469 2369 506 2430 u.
535 2367 639 2448 adiecit
662 2367 777 2432 chartas
814 2370 1032 2449 quatuordecim
1063 2369 1267 2450 Honaugiense

160 2480 368 2544 monasterium
389 2481 616 2552 concernentes3
637 2496 674 2538 ex
695 2477 800 2558 quibus
822 2479 977 2550 cernimus,
997 2476 1182 2542 Bomdictnm
1203 2481 1267 2542 sive

160 2590 315 2654 Tubanum
340 2587 461 2650 Scotum
491 2585 530 2646 ibi
552 2584 694 2649 Abbatem
726 2591 756 2648 ct
784 2586 872 2648 simut
901 2587 1081 2666 Episcopum
1102 2587 1207 2660 tuisse,
1239 2594 1270 2651 st

158 2699 309 2764 donationi
321 2697 401 2762 Beati
412 2694 540 2771 Abbatis,
557 2697 690 2776 tempore
707 2693 803 2758 Caroii
820 2695 861 2758 M.
880 2697 1064 2775 imperatoris
1076 2695 1176 2772 tactae,
1196 2695 1268 2762 sub·

160 2807 289 2872 scribunt
305 2804 441 2870 Monacbi
459 2803 678 2883 Honaugienses
702 2801 874 2884 Conipcnus,
886 2803 1012 2880 Ectoct,
1027 2803 1166 2880 Scuttcr,
1177 2805 1269 2870 Mou-

161 2919 294 3000 comptto,
317 2913 516 2984 Conicomrite
537 2917 567 2974 et
587 2909 749 2992 Doilpcsso,
771 2912 849 2977 Scoti
871 2917 902 2974 ot
920 2914 1057 2994 Episcopi
1080 2930 1190 2976 omnes
1223 2914 1270 2976 Nc
1405 2973 1406 2982 ,

160 3033 259 3092 autern
280 3031 363 3090 extra
374 3022 545 3088 Hiberniam
567 3021 614 3084 xci
636 3021 761 3084 scotiam
783 3022 821 3084 ob
832 3022 992 3084 doctrinam
1011 3025 1139 3102 suspecti
1160 3031 1268 3098 essent,

161 3139 337 3219 pierumque
351 3137 422 3196 ,autc
444 3132 540 3194 omnia
560 3132 687 3194 Romam
708 3131 795 3206 ibant,
816 3149 959 3211 suamquc
980 3133 1227 3194 consecrationem
1249 3151 1268 3195 a

144 3243 299 3309 ,renunes
315 3244 450 3306 Romano
471 3237 635 3302 confirmari
654 3237 811 3312 curabant,
832 3243 920 3319 atque
941 3239 1100 3302 abeodem
1122 3240 1268 3304 licentiam

159 3351 293 3434 gentibus
313 3349 505 3430 Euangetium
527 3347 709 3426 praedicandi
731 3345 916 3426 accipiebant.
969 3348 1051 3410 ldem
1073 3349 1161 3410 etiam
1182 3348 1269 3412 facie·

160 3463 244 3535 bant,
278 3459 329 3540 qni
350 3461 379 3520 iu
401 3456 546 3518 Britannia
573 3473 637 3521 sese
659 3455 743 3518 Sedis
765 3455 913 3518 Romanae
936 3455 1048 3536 placitis
1069 3459 1268 3531 accommoda·

161 3570 238 3632 bant.
264 3566 359 3646 Hujus
380 3569 423 3628 rci
445 3564 632 3626 illustrandae
653 3581 741 3626 causa
763 3565 911 3644 egregium
933 3583 970 3628 ex
992 3563 1102 3628 Usscrii
1124 3566 1267 3646 Antiquit.

161 3677 274 3742 Eccles·
296 3675 367 3739 Brit.
388 3675 472 3736 aliert
493 3674 660 3752 exemptum
691 3671 823 3736 laudatus
843 3673 991 3748 Eckhart,
1013 3675 1091 3755 quod
1114 3677 1200 3736 etiarn
1223 3674 1268 3736 iu·
1295 3687 1298 3690 ·

160 3804 226 3850 cern
246 3784 352 3848 aiierrc
374 3787 470 3872 potest
490 3801 578 3862 supra
603 3781 727 3862 allegato
746 3782 860 3846 Canopi
876 3783 1029 3845 Vernensi.
1050 3783 1167 3862 Spectat
1181 3783 1269 3846 ‘Ken-

161 3897 295 3976 tigerum,
314 3891 526 3956 'Glaucuensem
540 3893 747 3971 Episcopum:
791 3891 972 3970 „Procedens
991 3891 1059 3954 inde
1080 3893 1125 3954 xir
1145 3891 1215 3965 liei,
1237 3892 1268 3954 in

161 4004 226 4066 loco
248 4003 366 4066 nominc
397 3999 527 4080 Gtasghn
555 4003 585 4062 in
606 4000 697 4062 multa
723 3999 896 4062 abstinentia
909 3999 1007 4077 'vixit3
1036 4000 1129 4062 donec
1155 4001 1219 4062 Rex
1239 4005 1268 4062 et

162 4112 266 4178 Cieros
284 4112 411 4194 regionis
432 4109 706 4184 Cambreusiscum
728 4113 850 4172 caeteris
861 4109 1046 4184 Christianis,
1068 4107 1137 4172 ticet
1157 4111 1266 4188 paucis,
1318 4171 1320 4175 .

198 4349 225 4414 t)
243 4349 382 4406 Bardaici
399 4347 506 4408 Cotlcct.
526 4347 625 4403 concii.
643 4348 718 4402 Eum.
733 4345 785 4398 111.
804 4357 860 4413 pag.
879 4343 957 4400 1997.
