<?xml version="1.0" encoding="UTF-8"?>
<!DOCTYPE html PUBLIC "-//W3C//DTD XHTML 1.0 Transitional//EN"
    "http://www.w3.org/TR/xhtml1/DTD/xhtml1-transitional.dtd">
<html xmlns="http://www.w3.org/1999/xhtml" xml:lang="en" lang="en">
 <head>
  <title>
</title>
<meta http-equiv="Content-Type" content="text/html;charset=utf-8" />
  <meta name='ocr-system' content='tesseract 3.04.00' />
  <meta name='ocr-capabilities' content='ocr_page ocr_carea ocr_par ocr_line ocrx_word'/>
</head>
<body>
  <div class='ocr_page' id='page_1' title='image "./suffraganeicolo00heisgoog_0091.png"; bbox 0 0 2832 4828; ppageno 0'>
   <div class='ocr_carea' id='block_1_1' title="bbox 713 413 762 486">
    <p class='ocr_par' dir='ltr' id='par_1_1' title="bbox 713 413 762 486">
     <span class='ocr_line' id='line_1_1' title="bbox 713 413 762 486; baseline -0.041 0"><span class='ocrx_word' id='word_1_1' title='bbox 713 413 762 486; x_wconf 83' lang='grc'>76</span> 
     </span>
    </p>
   </div>
   <div class='ocr_carea' id='block_1_2' title="bbox 187 609 1297 1126">
    <p class='ocr_par' dir='ltr' id='par_1_2' title="bbox 187 609 1297 1126">
     <span class='ocr_line' id='line_1_2' title="bbox 187 609 1293 692; baseline -0.001 -18"><span class='ocrx_word' id='word_1_2' title='bbox 187 611 404 692; x_wconf 81' lang='lat' dir='ltr'>Archiepiscopi</span> <span class='ocrx_word' id='word_1_3' title='bbox 436 610 608 672; x_wconf 82' lang='lat' dir='ltr'>Ferdinandi</span> <span class='ocrx_word' id='word_1_4' title='bbox 638 609 741 674; x_wconf 88' lang='lat' dir='ltr'>Colon.</span> <span class='ocrx_word' id='word_1_5' title='bbox 772 611 993 691; x_wconf 79' lang='lat' dir='ltr'>suffraganeus,</span> <span class='ocrx_word' id='word_1_6' title='bbox 1025 612 1108 692; x_wconf 86' lang='lat' dir='ltr'>cujus</span> <span class='ocrx_word' id='word_1_7' title='bbox 1130 613 1197 676; x_wconf 92' lang='lat' dir='ltr'>loco</span> <span class='ocrx_word' id='word_1_8' title='bbox 1218 629 1293 674; x_wconf 89' lang='lat' dir='ltr'>anno</span> 
     </span>
     <span class='ocr_line' id='line_1_3' title="bbox 189 720 1294 812; baseline -0.004 -28"><span class='ocrx_word' id='word_1_9' title='bbox 189 721 280 784; x_wconf 74' lang='lat'><strong>1612.</strong></span> <span class='ocrx_word' id='word_1_10' title='bbox 301 721 418 802; x_wconf 78' lang='lat' dir='ltr'>synodo</span> <span class='ocrx_word' id='word_1_11' title='bbox 439 721 634 784; x_wconf 85' lang='lat' dir='ltr'>Dioecesanae</span> <span class='ocrx_word' id='word_1_12' title='bbox 656 720 703 782; x_wconf 88' lang='lat' dir='ltr'>die</span> <span class='ocrx_word' id='word_1_13' title='bbox 723 721 983 812; x_wconf 25' lang='lat' dir='ltr'>secuuda10ctobr.</span> <span class='ocrx_word' id='word_1_14' title='bbox 1007 721 1123 784; x_wconf 90' lang='lat' dir='ltr'>habitae</span> <span class='ocrx_word' id='word_1_15' title='bbox 1145 739 1206 784; x_wconf 90' lang='lat' dir='ltr'>una</span> <span class='ocrx_word' id='word_1_16' title='bbox 1227 739 1294 782; x_wconf 90' lang='lat' dir='ltr'>cum</span> 
     </span>
     <span class='ocr_line' id='line_1_4' title="bbox 188 829 1296 905; baseline -0.004 -11"><span class='ocrx_word' id='word_1_17' title='bbox 188 835 224 894; x_wconf 87' lang='lat' dir='ltr'>R.</span> <span class='ocrx_word' id='word_1_18' title='bbox 246 831 281 892; x_wconf 82' lang='lat' dir='ltr'>l).</span> <span class='ocrx_word' id='word_1_19' title='bbox 301 833 413 892; x_wconf 88' lang='lat' dir='ltr'>Joanne</span> <span class='ocrx_word' id='word_1_20' title='bbox 434 831 564 892; x_wconf 87' lang='lat' dir='ltr'>Gerardo</span> <span class='ocrx_word' id='word_1_21' title='bbox 589 829 702 892; x_wconf 90' lang='lat' dir='ltr'>Comite</span> <span class='ocrx_word' id='word_1_22' title='bbox 723 832 753 892; x_wconf 91' lang='lat' dir='ltr'>in</span> <span class='ocrx_word' id='word_1_23' title='bbox 775 829 982 894; x_wconf 79' lang='lat' dir='ltr'>Mantersclreit</span> <span class='ocrx_word' id='word_1_24' title='bbox 1001 835 1067 905; x_wconf 85' lang='lat' dir='ltr'>etc,</span> <span class='ocrx_word' id='word_1_25' title='bbox 1097 830 1296 892; x_wconf 89' lang='lat' dir='ltr'>Ecclesiarum</span> 
     </span>
     <span class='ocr_line' id='line_1_5' title="bbox 189 937 1297 1016; baseline -0.004 -14"><span class='ocrx_word' id='word_1_26' title='bbox 189 940 370 1002; x_wconf 89' lang='lat' dir='ltr'>Coloniensis</span> <span class='ocrx_word' id='word_1_27' title='bbox 397 943 427 999; x_wconf 88' lang='lat' dir='ltr'>et</span> <span class='ocrx_word' id='word_1_28' title='bbox 448 937 666 1016; x_wconf 82' lang='lat' dir='ltr'>Argentinensis</span> <span class='ocrx_word' id='word_1_29' title='bbox 699 937 894 999; x_wconf 88' lang='lat' dir='ltr'>Ecclesiarum</span> <span class='ocrx_word' id='word_1_30' title='bbox 925 939 1086 1016; x_wconf 81' lang='lat' dir='ltr'>respective</span> <span class='ocrx_word' id='word_1_31' title='bbox 1117 938 1238 999; x_wconf 88' lang='lat' dir='ltr'>Decano</span> <span class='ocrx_word' id='word_1_32' title='bbox 1268 942 1297 998; x_wconf 88' lang='lat' dir='ltr'>et</span> 
     </span>
     <span class='ocr_line' id='line_1_6' title="bbox 189 1045 1296 1126; baseline -0.005 -15"><span class='ocrx_word' id='word_1_33' title='bbox 189 1047 346 1121; x_wconf 83' lang='lat' dir='ltr'>Canopico,</span> <span class='ocrx_word' id='word_1_34' title='bbox 367 1051 515 1126; x_wconf 78' lang='lat' dir='ltr'><strong>tamquam</strong></span> <span class='ocrx_word' id='word_1_35' title='bbox 532 1045 757 1108; x_wconf 90' lang='lat' dir='ltr'>Commissarius</span> <span class='ocrx_word' id='word_1_36' title='bbox 778 1047 941 1125; x_wconf 76' lang='lat' dir='ltr'>specialiter</span> <span class='ocrx_word' id='word_1_37' title='bbox 962 1047 1117 1125; x_wconf 89' lang='lat' dir='ltr'>deputatus</span> <span class='ocrx_word' id='word_1_38' title='bbox 1138 1047 1296 1124; x_wconf 88' lang='lat' dir='ltr'>praesedit,</span> 
     </span>
    </p>
   </div>
   <div class='ocr_carea' id='block_1_3' title="bbox 189 1155 1397 1235">
    <p class='ocr_par' dir='ltr' id='par_1_3' title="bbox 189 1155 1397 1235">
     <span class='ocr_line' id='line_1_7' title="bbox 189 1155 1397 1235; baseline 0.001 -18"><span class='ocrx_word' id='word_1_39' title='bbox 189 1156 387 1235; x_wconf 90' lang='lat' dir='ltr'>salutaresque</span> <span class='ocrx_word' id='word_1_40' title='bbox 409 1156 498 1218; x_wconf 88' lang='lat' dir='ltr'>edidit</span> <span class='ocrx_word' id='word_1_41' title='bbox 518 1156 680 1218; x_wconf 70' lang='lat' dir='ltr'>sanctiones</span> <span class='ocrx_word' id='word_1_42' title='bbox 700 1173 716 1216; x_wconf 91' lang='lat' dir='ltr'>a</span> <span class='ocrx_word' id='word_1_43' title='bbox 738 1156 868 1216; x_wconf 81' lang='lat' dir='ltr'>Romana</span> <span class='ocrx_word' id='word_1_44' title='bbox 889 1155 965 1218; x_wconf 87' lang='lat' dir='ltr'>Sede</span> <span class='ocrx_word' id='word_1_45' title='bbox 985 1155 1180 1218; x_wconf 87' lang='lat' dir='ltr'>confirmatas.</span> <span class='ocrx_word' id='word_1_46' title='bbox 1210 1156 1297 1218; x_wconf 78' lang='lat' dir='ltr'>Anno</span> <span class='ocrx_word' id='word_1_47' title='bbox 1396 1225 1397 1230; x_wconf 8' lang='grc' dir='ltr'>ἵ</span> 
     </span>
    </p>
   </div>
   <div class='ocr_carea' id='block_1_4' title="bbox 188 1262 1399 1466">
    <p class='ocr_par' dir='ltr' id='par_1_4' title="bbox 188 1262 1399 1466">
     <span class='ocr_line' id='line_1_8' title="bbox 190 1262 1398 1348; baseline 0 -24"><span class='ocrx_word' id='word_1_48' title='bbox 190 1263 290 1339; x_wconf 82' lang='lat' dir='ltr'>161t,</span> <span class='ocrx_word' id='word_1_49' title='bbox 312 1281 378 1324; x_wconf 89' lang='lat' dir='ltr'>cum</span> <span class='ocrx_word' id='word_1_50' title='bbox 400 1265 615 1326; x_wconf 82' lang='lat' dir='ltr'>illustrissimus</span> <span class='ocrx_word' id='word_1_51' title='bbox 631 1263 769 1342; x_wconf 88' lang='lat' dir='ltr'>Princeps</span> <span class='ocrx_word' id='word_1_52' title='bbox 790 1262 981 1342; x_wconf 88' lang='lat' dir='ltr'>Woligangus</span> <span class='ocrx_word' id='word_1_53' title='bbox 998 1263 1189 1348; x_wconf 83' lang='lat' dir='ltr'>Wilhelmus,</span> <span class='ocrx_word' id='word_1_54' title='bbox 1213 1264 1298 1324; x_wconf 91' lang='lat' dir='ltr'>Neo·</span> <span class='ocrx_word' id='word_1_55' title='bbox 1397 1331 1398 1344; x_wconf 11' lang='grc' dir='ltr'>χ</span> 
     </span>
     <span class='ocr_line' id='line_1_9' title="bbox 188 1371 1399 1466; baseline -0.003 -31"><span class='ocrx_word' id='word_1_56' title='bbox 188 1375 271 1453; x_wconf 88' lang='lat' dir='ltr'>burg.</span> <span class='ocrx_word' id='word_1_57' title='bbox 293 1373 388 1436; x_wconf 78' lang='lat' dir='ltr'>iuliae</span> <span class='ocrx_word' id='word_1_58' title='bbox 410 1373 688 1446; x_wconf 67' lang='lat' dir='ltr'>centonomium,</span> <span class='ocrx_word' id='word_1_59' title='bbox 710 1373 838 1451; x_wconf 76' lang='lat' dir='ltr'>abiurata</span> <span class='ocrx_word' id='word_1_60' title='bbox 860 1371 983 1446; x_wconf 89' lang='lat' dir='ltr'>haeresi,</span> <span class='ocrx_word' id='word_1_61' title='bbox 1001 1371 1215 1450; x_wconf 79' lang='lat' dir='ltr'>professionem</span> <span class='ocrx_word' id='word_1_62' title='bbox 1230 1371 1298 1432; x_wconf 88' lang='lat' dir='ltr'>fidei</span> <span class='ocrx_word' id='word_1_63' title='bbox 1398 1449 1399 1466; x_wconf 12' lang='grc' dir='ltr'>ἵ</span> 
     </span>
    </p>
   </div>
   <div class='ocr_carea' id='block_1_5' title="bbox 185 1481 1301 2325">
    <p class='ocr_par' dir='ltr' id='par_1_5' title="bbox 185 1481 1301 2325">
     <span class='ocr_line' id='line_1_10' title="bbox 185 1481 1298 1560; baseline -0.003 -16"><span class='ocrx_word' id='word_1_64' title='bbox 185 1481 354 1546; x_wconf 84' lang='lat' dir='ltr'>Catholicae</span> <span class='ocrx_word' id='word_1_65' title='bbox 376 1487 502 1544; x_wconf 85' lang='lat' dir='ltr'>maximo</span> <span class='ocrx_word' id='word_1_66' title='bbox 523 1482 671 1544; x_wconf 82' lang='lat' dir='ltr'>Ecclesiae</span> <span class='ocrx_word' id='word_1_67' title='bbox 702 1483 807 1560; x_wconf 89' lang='lat' dir='ltr'>gaudio</span> <span class='ocrx_word' id='word_1_68' title='bbox 829 1487 858 1543; x_wconf 88' lang='lat' dir='ltr'>et</span> <span class='ocrx_word' id='word_1_69' title='bbox 878 1481 1070 1560; x_wconf 81' lang='lat' dir='ltr'>gratulatione</span> <span class='ocrx_word' id='word_1_70' title='bbox 1092 1481 1298 1559; x_wconf 86' lang='lat' dir='ltr'>Dusseldorpii</span> 
     </span>
     <span class='ocr_line' id='line_1_11' title="bbox 189 1590 1297 1670; baseline 0 -18"><span class='ocrx_word' id='word_1_71' title='bbox 189 1592 301 1667; x_wconf 87' lang='lat' dir='ltr'>iecerit,</span> <span class='ocrx_word' id='word_1_72' title='bbox 332 1595 395 1670; x_wconf 92' lang='lat' dir='ltr'>ipse</span> <span class='ocrx_word' id='word_1_73' title='bbox 427 1591 599 1654; x_wconf 87' lang='lat' dir='ltr'>Theodorus</span> <span class='ocrx_word' id='word_1_74' title='bbox 629 1591 832 1670; x_wconf 79' lang='lat' dir='ltr'>Suffraganeus</span> <span class='ocrx_word' id='word_1_75' title='bbox 860 1607 1010 1652; x_wconf 89' lang='lat' dir='ltr'>summurn</span> <span class='ocrx_word' id='word_1_76' title='bbox 1039 1609 1154 1652; x_wconf 90' lang='lat' dir='ltr'>sacrum</span> <span class='ocrx_word' id='word_1_77' title='bbox 1182 1590 1297 1664; x_wconf 76' lang='lat' dir='ltr'>habuit,</span> 
     </span>
     <span class='ocr_line' id='line_1_12' title="bbox 186 1699 1298 1782; baseline -0.002 -18"><span class='ocrx_word' id='word_1_78' title='bbox 186 1702 443 1782; x_wconf 86' lang='lat' dir='ltr'>juramentumque</span> <span class='ocrx_word' id='word_1_79' title='bbox 474 1701 562 1762; x_wconf 86' lang='lat' dir='ltr'>Ducis</span> <span class='ocrx_word' id='word_1_80' title='bbox 598 1701 725 1777; x_wconf 88' lang='lat' dir='ltr'>suscepit</span> <span class='ocrx_word' id='word_1_81' title='bbox 755 1703 783 1762; x_wconf 90' lang='lat' dir='ltr'>in</span> <span class='ocrx_word' id='word_1_82' title='bbox 807 1699 880 1762; x_wconf 87' lang='lat' dir='ltr'>iesto</span> <span class='ocrx_word' id='word_1_83' title='bbox 897 1699 951 1782; x_wconf 79' lang='lat' dir='ltr'>¹SS.</span> <span class='ocrx_word' id='word_1_84' title='bbox 973 1699 1128 1762; x_wconf 86' lang='lat' dir='ltr'>Trinitatis.</span> <span class='ocrx_word' id='word_1_85' title='bbox 1172 1699 1298 1762; x_wconf 90' lang='lat' dir='ltr'>Duobus</span> 
     </span>
     <span class='ocr_line' id='line_1_13' title="bbox 189 1796 1299 1892; baseline -0.002 -18"><span class='ocrx_word' id='word_1_86' title='bbox 189 1817 255 1892; x_wconf 92' lang='lat' dir='ltr'>post</span> <span class='ocrx_word' id='word_1_87' title='bbox 275 1796 376 1884; x_wconf 79' lang='lat' dir='ltr'>annis,</span> <span class='ocrx_word' id='word_1_88' title='bbox 398 1827 466 1870; x_wconf 92' lang='lat' dir='ltr'>cum</span> <span class='ocrx_word' id='word_1_89' title='bbox 487 1811 516 1870; x_wconf 92' lang='lat' dir='ltr'>in</span> <span class='ocrx_word' id='word_1_90' title='bbox 537 1807 655 1887; x_wconf 88' lang='lat' dir='ltr'>Capella</span> <span class='ocrx_word' id='word_1_91' title='bbox 677 1809 706 1869; x_wconf 90' lang='lat' dir='ltr'>S.</span> <span class='ocrx_word' id='word_1_92' title='bbox 729 1808 855 1878; x_wconf 88' lang='lat' dir='ltr'>Mariae,</span> <span class='ocrx_word' id='word_1_93' title='bbox 878 1827 953 1888; x_wconf 89' lang='lat' dir='ltr'>quae</span> <span class='ocrx_word' id='word_1_94' title='bbox 974 1809 1079 1870; x_wconf 91' lang='lat' dir='ltr'>dicitur</span> <span class='ocrx_word' id='word_1_95' title='bbox 1104 1811 1134 1870; x_wconf 93' lang='lat' dir='ltr'>in</span> <span class='ocrx_word' id='word_1_96' title='bbox 1155 1808 1299 1872; x_wconf 86' lang='lat' dir='ltr'>Hierusa-</span> 
     </span>
     <span class='ocr_line' id='line_1_14' title="bbox 189 1909 1299 1998; baseline 0.001 -18"><span class='ocrx_word' id='word_1_97' title='bbox 189 1920 258 1994; x_wconf 88' lang='lat' dir='ltr'>lem,</span> <span class='ocrx_word' id='word_1_98' title='bbox 280 1923 432 1998; x_wconf 87' lang='lat' dir='ltr'>praesente</span> <span class='ocrx_word' id='word_1_99' title='bbox 452 1909 633 1994; x_wconf 86' lang='lat' dir='ltr'>amplissimo</span> <span class='ocrx_word' id='word_1_100' title='bbox 654 1916 761 1978; x_wconf 87' lang='lat' dir='ltr'>Senatu</span> <span class='ocrx_word' id='word_1_101' title='bbox 783 1914 949 1978; x_wconf 86' lang='lat' dir='ltr'>Coloniensi</span> <span class='ocrx_word' id='word_1_102' title='bbox 971 1917 1188 1997; x_wconf 82' lang='lat' dir='ltr'>religiosissime</span> <span class='ocrx_word' id='word_1_103' title='bbox 1208 1921 1299 1982; x_wconf 89' lang='lat' dir='ltr'>sacris</span> 
     </span>
     <span class='ocr_line' id='line_1_15' title="bbox 190 2025 1301 2105; baseline -0.001 -15"><span class='ocrx_word' id='word_1_104' title='bbox 190 2029 360 2091; x_wconf 89' lang='lat' dir='ltr'>solemniter</span> <span class='ocrx_word' id='word_1_105' title='bbox 380 2030 524 2105; x_wconf 90' lang='lat' dir='ltr'>operatus,</span> <span class='ocrx_word' id='word_1_106' title='bbox 547 2026 642 2086; x_wconf 90' lang='lat' dir='ltr'>media</span> <span class='ocrx_word' id='word_1_107' title='bbox 664 2027 692 2086; x_wconf 94' lang='lat' dir='ltr'>in</span> <span class='ocrx_word' id='word_1_108' title='bbox 713 2028 851 2088; x_wconf 86' lang='lat' dir='ltr'>concione</span> <span class='ocrx_word' id='word_1_109' title='bbox 871 2025 1049 2105; x_wconf 87' lang='lat' dir='ltr'>apoplectico</span> <span class='ocrx_word' id='word_1_110' title='bbox 1070 2026 1174 2090; x_wconf 87' lang='lat' dir='ltr'>morbo</span> <span class='ocrx_word' id='word_1_111' title='bbox 1194 2025 1301 2090; x_wconf 85' lang='lat' dir='ltr'>luisset</span> 
     </span>
     <span class='ocr_line' id='line_1_16' title="bbox 191 2133 1299 2213; baseline -0.002 -15"><span class='ocrx_word' id='word_1_112' title='bbox 191 2139 342 2213; x_wconf 89' lang='lat' dir='ltr'>correptus</span> <span class='ocrx_word' id='word_1_113' title='bbox 364 2152 397 2196; x_wconf 88' lang='lat' dir='ltr'>ac</span> <span class='ocrx_word' id='word_1_114' title='bbox 418 2136 538 2196; x_wconf 89' lang='lat' dir='ltr'>domum</span> <span class='ocrx_word' id='word_1_115' title='bbox 561 2133 688 2209; x_wconf 87' lang='lat' dir='ltr'>relatus,</span> <span class='ocrx_word' id='word_1_116' title='bbox 713 2137 813 2212; x_wconf 89' lang='lat' dir='ltr'>paucis</span> <span class='ocrx_word' id='word_1_117' title='bbox 834 2135 936 2198; x_wconf 88' lang='lat' dir='ltr'>diebus</span> <span class='ocrx_word' id='word_1_118' title='bbox 961 2136 1049 2196; x_wconf 78' lang='lat' dir='ltr'>vitam</span> <span class='ocrx_word' id='word_1_119' title='bbox 1071 2138 1299 2210; x_wconf 84' lang='lat' dir='ltr'>consummarit,</span> 
     </span>
     <span class='ocr_line' id='line_1_17' title="bbox 193 2240 1299 2325; baseline 0.001 -20"><span class='ocrx_word' id='word_1_120' title='bbox 193 2247 300 2325; x_wconf 90' lang='lat' dir='ltr'>pieque</span> <span class='ocrx_word' id='word_1_121' title='bbox 322 2244 445 2304; x_wconf 89' lang='lat' dir='ltr'>decessit</span> <span class='ocrx_word' id='word_1_122' title='bbox 466 2261 542 2303; x_wconf 89' lang='lat' dir='ltr'>anno</span> <span class='ocrx_word' id='word_1_123' title='bbox 565 2240 655 2302; x_wconf 87' lang='grc'><strong>1616.</strong></span> <span class='ocrx_word' id='word_1_124' title='bbox 677 2242 724 2302; x_wconf 91' lang='lat' dir='ltr'>die</span> <span class='ocrx_word' id='word_1_125' title='bbox 746 2241 795 2302; x_wconf 82' lang='lat' dir='ltr'>tt.</span> <span class='ocrx_word' id='word_1_126' title='bbox 815 2245 959 2319; x_wconf 80' lang='lat' dir='ltr'>ianuarii,</span> <span class='ocrx_word' id='word_1_127' title='bbox 991 2243 1123 2322; x_wconf 90' lang='lat' dir='ltr'>sepultus</span> <span class='ocrx_word' id='word_1_128' title='bbox 1144 2245 1175 2304; x_wconf 95' lang='lat' dir='ltr'>in</span> <span class='ocrx_word' id='word_1_129' title='bbox 1197 2241 1299 2306; x_wconf 91' lang='lat' dir='ltr'>Choro</span> 
     </span>
    </p>
   </div>
   <div class='ocr_carea' id='block_1_6' title="bbox 191 2351 1408 2434">
    <p class='ocr_par' dir='ltr' id='par_1_6' title="bbox 191 2351 1408 2434">
     <span class='ocr_line' id='line_1_18' title="bbox 191 2351 1408 2434; baseline 0 -20"><span class='ocrx_word' id='word_1_130' title='bbox 191 2352 364 2432; x_wconf 88' lang='lat' dir='ltr'>parochialis</span> <span class='ocrx_word' id='word_1_131' title='bbox 385 2353 423 2414; x_wconf 90' lang='lat' dir='ltr'>ad</span> <span class='ocrx_word' id='word_1_132' title='bbox 444 2352 474 2414; x_wconf 88' lang='lat' dir='ltr'>S.</span> <span class='ocrx_word' id='word_1_133' title='bbox 487 2351 674 2412; x_wconf 90' lang='lat' dir='ltr'>Laurentium</span> <span class='ocrx_word' id='word_1_134' title='bbox 691 2351 848 2414; x_wconf 81' lang='lat' dir='ltr'>Ecclesiae.</span> <span class='ocrx_word' id='word_1_135' title='bbox 870 2353 950 2414; x_wconf 88' lang='lat' dir='ltr'>Inter</span> <span class='ocrx_word' id='word_1_136' title='bbox 972 2353 1104 2414; x_wconf 89' lang='lat' dir='ltr'>mortalia</span> <span class='ocrx_word' id='word_1_137' title='bbox 1125 2351 1187 2430; x_wconf 90' lang='lat' dir='ltr'>ejus</span> <span class='ocrx_word' id='word_1_138' title='bbox 1209 2370 1301 2430; x_wconf 88' lang='lat' dir='ltr'>opera</span> <span class='ocrx_word' id='word_1_139' title='bbox 1407 2429 1408 2434; x_wconf 8' lang='grc' dir='ltr'>ἵ</span> 
     </span>
    </p>
   </div>
   <div class='ocr_carea' id='block_1_7' title="bbox 191 2459 1302 3192">
    <p class='ocr_par' dir='ltr' id='par_1_7' title="bbox 191 2459 1302 3192">
     <span class='ocr_line' id='line_1_19' title="bbox 191 2459 1301 2540; baseline -0.004 -16"><span class='ocrx_word' id='word_1_140' title='bbox 191 2481 250 2524; x_wconf 90' lang='lat' dir='ltr'>non</span> <span class='ocrx_word' id='word_1_141' title='bbox 272 2466 472 2540; x_wconf 90' lang='lat' dir='ltr'>postremum,</span> <span class='ocrx_word' id='word_1_142' title='bbox 505 2461 583 2538; x_wconf 90' lang='lat' dir='ltr'>quod</span> <span class='ocrx_word' id='word_1_143' title='bbox 605 2479 661 2520; x_wconf 89' lang='lat' dir='ltr'>nna</span> <span class='ocrx_word' id='word_1_144' title='bbox 684 2479 751 2520; x_wconf 87' lang='lat' dir='ltr'>eum</span> <span class='ocrx_word' id='word_1_145' title='bbox 774 2459 805 2520; x_wconf 91' lang='lat' dir='ltr'>P.</span> <span class='ocrx_word' id='word_1_146' title='bbox 829 2459 914 2522; x_wconf 89' lang='lat' dir='ltr'>Petro</span> <span class='ocrx_word' id='word_1_147' title='bbox 941 2459 1108 2534; x_wconf 84' lang='lat' dir='ltr'>Michaelis,</span> <span class='ocrx_word' id='word_1_148' title='bbox 1130 2460 1195 2524; x_wconf 91' lang='lat' dir='ltr'>Soc.</span> <span class='ocrx_word' id='word_1_149' title='bbox 1218 2463 1301 2535; x_wconf 88' lang='lat' dir='ltr'>lesu,</span> 
     </span>
     <span class='ocr_line' id='line_1_20' title="bbox 192 2568 1302 2648; baseline -0.001 -17"><span class='ocrx_word' id='word_1_150' title='bbox 192 2575 221 2632; x_wconf 87' lang='lat' dir='ltr'>et</span> <span class='ocrx_word' id='word_1_151' title='bbox 237 2571 309 2632; x_wconf 85' lang='lat' dir='ltr'>Rev.</span> <span class='ocrx_word' id='word_1_152' title='bbox 322 2568 486 2632; x_wconf 91' lang='lat' dir='ltr'>Wilhelmo</span> <span class='ocrx_word' id='word_1_153' title='bbox 497 2568 638 2643; x_wconf 88' lang='lat' dir='ltr'>Lindauo,</span> <span class='ocrx_word' id='word_1_154' title='bbox 660 2570 895 2630; x_wconf 88' lang='lat' dir='ltr'>Ruremnndensi</span> <span class='ocrx_word' id='word_1_155' title='bbox 908 2571 1063 2648; x_wconf 85' lang='lat' dir='ltr'>Episcopo,</span> <span class='ocrx_word' id='word_1_156' title='bbox 1087 2570 1210 2630; x_wconf 90' lang='lat' dir='ltr'>multam</span> <span class='ocrx_word' id='word_1_157' title='bbox 1229 2587 1302 2647; x_wconf 91' lang='lat' dir='ltr'>ope·</span> 
     </span>
     <span class='ocr_line' id='line_1_21' title="bbox 191 2676 1299 2757; baseline -0.004 -17"><span class='ocrx_word' id='word_1_158' title='bbox 191 2697 255 2740; x_wconf 90' lang='lat' dir='ltr'>ram</span> <span class='ocrx_word' id='word_1_159' title='bbox 276 2680 407 2757; x_wconf 85' lang='lat' dir='ltr'>posuerit</span> <span class='ocrx_word' id='word_1_160' title='bbox 427 2678 456 2737; x_wconf 90' lang='lat' dir='ltr'>in</span> <span class='ocrx_word' id='word_1_161' title='bbox 478 2676 625 2756; x_wconf 89' lang='lat' dir='ltr'>Stephano</span> <span class='ocrx_word' id='word_1_162' title='bbox 646 2676 766 2751; x_wconf 85' lang='lat' dir='ltr'>Isaaco,</span> <span class='ocrx_word' id='word_1_163' title='bbox 802 2677 907 2740; x_wconf 90' lang='lat' dir='ltr'>celebri</span> <span class='ocrx_word' id='word_1_164' title='bbox 929 2679 1059 2753; x_wconf 76' lang='lat' dir='ltr'>Iudaeo,</span> <span class='ocrx_word' id='word_1_165' title='bbox 1090 2679 1299 2740; x_wconf 88' lang='lat' dir='ltr'>convertendo.</span> 
     </span>
     <span class='ocr_line' id='line_1_22' title="bbox 193 2785 1302 2866; baseline -0.002 -16"><span class='ocrx_word' id='word_1_166' title='bbox 193 2790 272 2852; x_wconf 88' lang='lat' dir='ltr'>Vixit</span> <span class='ocrx_word' id='word_1_167' title='bbox 293 2787 488 2865; x_wconf 81' lang='lat' dir='ltr'>integerrime,</span> <span class='ocrx_word' id='word_1_168' title='bbox 510 2785 604 2848; x_wconf 92' lang='lat' dir='ltr'>cilicio</span> <span class='ocrx_word' id='word_1_169' title='bbox 625 2787 795 2865; x_wconf 88' lang='lat' dir='ltr'>asperrimo,</span> <span class='ocrx_word' id='word_1_170' title='bbox 817 2788 896 2866; x_wconf 93' lang='lat' dir='ltr'>quod</span> <span class='ocrx_word' id='word_1_171' title='bbox 918 2787 1038 2866; x_wconf 89' lang='lat' dir='ltr'>qnidam</span> <span class='ocrx_word' id='word_1_172' title='bbox 1055 2787 1160 2848; x_wconf 78' lang='lat' dir='ltr'>vidisse</span> <span class='ocrx_word' id='word_1_173' title='bbox 1182 2804 1215 2848; x_wconf 84' lang='lat' dir='ltr'>se</span> <span class='ocrx_word' id='word_1_174' title='bbox 1237 2805 1302 2848; x_wconf 87' lang='lat' dir='ltr'>me·</span> 
     </span>
     <span class='ocr_line' id='line_1_23' title="bbox 192 2894 1300 2973; baseline -0.004 -13"><span class='ocrx_word' id='word_1_175' title='bbox 192 2898 349 2970; x_wconf 90' lang='lat' dir='ltr'>minerunt,</span> <span class='ocrx_word' id='word_1_176' title='bbox 371 2914 452 2968; x_wconf 88' lang='lat' dir='ltr'>usus,</span> <span class='ocrx_word' id='word_1_177' title='bbox 469 2894 615 2973; x_wconf 90' lang='lat' dir='ltr'>peculium</span> <span class='ocrx_word' id='word_1_178' title='bbox 637 2894 742 2956; x_wconf 87' lang='lat' dir='ltr'>tabulis</span> <span class='ocrx_word' id='word_1_179' title='bbox 758 2897 921 2958; x_wconf 89' lang='lat' dir='ltr'>testamenti</span> <span class='ocrx_word' id='word_1_180' title='bbox 936 2899 983 2958; x_wconf 91' lang='lat' dir='ltr'>sui</span> <span class='ocrx_word' id='word_1_181' title='bbox 1001 2897 1148 2960; x_wconf 87' lang='lat' dir='ltr'>mandarit</span> <span class='ocrx_word' id='word_1_182' title='bbox 1168 2897 1300 2958; x_wconf 87' lang='lat' dir='ltr'>converti</span> 
     </span>
     <span class='ocr_line' id='line_1_24' title="bbox 193 3003 1300 3084; baseline -0.003 -18"><span class='ocrx_word' id='word_1_183' title='bbox 193 3008 223 3066; x_wconf 89' lang='lat' dir='ltr'>in</span> <span class='ocrx_word' id='word_1_184' title='bbox 244 3006 449 3084; x_wconf 89' lang='lat' dir='ltr'>praestimonia</span> <span class='ocrx_word' id='word_1_185' title='bbox 469 3004 615 3066; x_wconf 88' lang='lat' dir='ltr'>studiosae</span> <span class='ocrx_word' id='word_1_186' title='bbox 642 3003 802 3082; x_wconf 86' lang='lat' dir='ltr'>juventutis</span> <span class='ocrx_word' id='word_1_187' title='bbox 823 3008 852 3066; x_wconf 90' lang='lat' dir='ltr'>et</span> <span class='ocrx_word' id='word_1_188' title='bbox 883 3022 997 3066; x_wconf 88' lang='lat' dir='ltr'>sacrum</span> <span class='ocrx_word' id='word_1_189' title='bbox 1019 3007 1116 3066; x_wconf 89' lang='lat' dir='ltr'>locum</span> <span class='ocrx_word' id='word_1_190' title='bbox 1137 3003 1300 3067; x_wconf 90' lang='lat' dir='ltr'>successori</span> 
     </span>
     <span class='ocr_line' id='line_1_25' title="bbox 193 3112 322 3192; baseline 0.016 -18"><span class='ocrx_word' id='word_1_191' title='bbox 193 3112 322 3192; x_wconf 85' lang='lat' dir='ltr'>reliquit.</span> 
     </span>
    </p>
   </div>
   <div class='ocr_carea' id='block_1_8' title="bbox 263 3302 1234 3380">
    <p class='ocr_par' dir='ltr' id='par_1_8' title="bbox 263 3302 1234 3380">
     <span class='ocr_line' id='line_1_26' title="bbox 263 3302 1234 3380; baseline 0 -14"><span class='ocrx_word' id='word_1_192' title='bbox 263 3302 379 3366; x_wconf 85' lang='lat' dir='ltr'>XXVI.</span> <span class='ocrx_word' id='word_1_193' title='bbox 422 3303 524 3366; x_wconf 78' lang='grc' dir='ltr'><strong>ΟΤΓΟ</strong></span> <span class='ocrx_word' id='word_1_194' title='bbox 547 3302 726 3380; x_wconf 86' lang='lat' dir='ltr'>GEREON,</span> <span class='ocrx_word' id='word_1_195' title='bbox 748 3303 957 3368; x_wconf 89' lang='lat' dir='ltr'>EPlSCOPUS</span> <span class='ocrx_word' id='word_1_196' title='bbox 979 3303 1234 3368; x_wconf 86' lang='lat' dir='ltr'>CVRENENSIS.</span> 
     </span>
    </p>
   </div>
   <div class='ocr_carea' id='block_1_9' title="bbox 159 3437 1302 4382">
    <p class='ocr_par' dir='ltr' id='par_1_9' title="bbox 159 3437 1302 4382">
     <span class='ocr_line' id='line_1_27' title="bbox 255 3437 1301 3514; baseline 0.002 -14"><span class='ocrx_word' id='word_1_197' title='bbox 255 3437 326 3500; x_wconf 91' lang='lat' dir='ltr'>Otto</span> <span class='ocrx_word' id='word_1_198' title='bbox 348 3437 488 3500; x_wconf 89' lang='lat' dir='ltr'>Gereona</span> <span class='ocrx_word' id='word_1_199' title='bbox 503 3437 675 3500; x_wconf 89' lang='lat' dir='ltr'>Gutmannis</span> <span class='ocrx_word' id='word_1_200' title='bbox 696 3440 732 3500; x_wconf 93' lang='lat' dir='ltr'>de</span> <span class='ocrx_word' id='word_1_201' title='bbox 750 3439 931 3514; x_wconf 88' lang='lat' dir='ltr'>Soberheim,</span> <span class='ocrx_word' id='word_1_202' title='bbox 947 3439 1176 3514; x_wconf 87' lang='lat' dir='ltr'>Conlluentinus,</span> <span class='ocrx_word' id='word_1_203' title='bbox 1193 3439 1301 3502; x_wconf 79' lang='lat' dir='ltr'>Archi·</span> 
     </span>
     <span class='ocr_line' id='line_1_28' title="bbox 194 3539 1301 3630; baseline 0.004 -22"><span class='ocrx_word' id='word_1_204' title='bbox 194 3548 349 3625; x_wconf 89' lang='lat' dir='ltr'>episcopus</span> <span class='ocrx_word' id='word_1_205' title='bbox 373 3545 437 3630; x_wconf 91' lang='lat' dir='ltr'>(seu</span> <span class='ocrx_word' id='word_1_206' title='bbox 451 3539 529 3622; x_wconf 69' lang='lat' dir='ltr'>nere,</span> <span class='ocrx_word' id='word_1_207' title='bbox 552 3566 604 3608; x_wconf 92' lang='lat' dir='ltr'>seu</span> <span class='ocrx_word' id='word_1_208' title='bbox 623 3550 746 3610; x_wconf 86' lang='lat' dir='ltr'>Romani</span> <span class='ocrx_word' id='word_1_209' title='bbox 759 3544 869 3610; x_wconf 90' lang='lat' dir='ltr'>Notarii</span> <span class='ocrx_word' id='word_1_210' title='bbox 891 3567 989 3611; x_wconf 87' lang='lat' dir='ltr'>errore</span> <span class='ocrx_word' id='word_1_211' title='bbox 1010 3552 1039 3610; x_wconf 93' lang='lat' dir='ltr'>in</span> <span class='ocrx_word' id='word_1_212' title='bbox 1057 3544 1160 3611; x_wconf 86' lang='lat' dir='ltr'>litteris</span> <span class='ocrx_word' id='word_1_213' title='bbox 1171 3549 1301 3627; x_wconf 83' lang='lat' dir='ltr'>Aposto-</span> 
     </span>
     <span class='ocr_line' id='line_1_29' title="bbox 194 3655 1302 3738; baseline 0.002 -22"><span class='ocrx_word' id='word_1_214' title='bbox 194 3655 256 3717; x_wconf 92' lang='lat' dir='ltr'>licis</span> <span class='ocrx_word' id='word_1_215' title='bbox 287 3655 422 3738; x_wconf 82' lang='lat' dir='ltr'>vocatus)</span> <span class='ocrx_word' id='word_1_216' title='bbox 457 3656 650 3736; x_wconf 83' lang='lat' dir='ltr'>Cyrenensis,</span> <span class='ocrx_word' id='word_1_217' title='bbox 682 3657 735 3719; x_wconf 88' lang='lat' dir='ltr'>SS.</span> <span class='ocrx_word' id='word_1_218' title='bbox 757 3657 932 3738; x_wconf 89' lang='lat' dir='ltr'>Theologiae</span> <span class='ocrx_word' id='word_1_219' title='bbox 960 3658 1083 3733; x_wconf 91' lang='lat' dir='ltr'>Doctor,</span> <span class='ocrx_word' id='word_1_220' title='bbox 1115 3659 1302 3720; x_wconf 87' lang='lat' dir='ltr'>Sercuissimi</span> 
     </span>
     <span class='ocr_line' id='line_1_30' title="bbox 194 3761 1302 3846; baseline 0.005 -24"><span class='ocrx_word' id='word_1_221' title='bbox 194 3761 335 3840; x_wconf 85' lang='lat' dir='ltr'>Principis</span> <span class='ocrx_word' id='word_1_222' title='bbox 356 3763 500 3826; x_wconf 88' lang='lat' dir='ltr'>Electoris</span> <span class='ocrx_word' id='word_1_223' title='bbox 521 3765 710 3840; x_wconf 90' lang='lat' dir='ltr'>Ferdinandi,</span> <span class='ocrx_word' id='word_1_224' title='bbox 733 3765 914 3828; x_wconf 90' lang='lat' dir='ltr'>Coloniensis</span> <span class='ocrx_word' id='word_1_225' title='bbox 935 3765 1302 3846; x_wconf 83' lang='lat' dir='ltr'>Archiepiscopi,·Consi-</span> 
     </span>
     <span class='ocr_line' id='line_1_31' title="bbox 194 3869 1302 3952; baseline 0.005 -20"><span class='ocrx_word' id='word_1_226' title='bbox 194 3870 293 3932; x_wconf 88' lang='lat' dir='ltr'>liarius</span> <span class='ocrx_word' id='word_1_227' title='bbox 315 3875 344 3932; x_wconf 88' lang='lat' dir='ltr'>et</span> <span class='ocrx_word' id='word_1_228' title='bbox 364 3869 546 3949; x_wconf 86' lang='lat' dir='ltr'>Theologus,</span> <span class='ocrx_word' id='word_1_229' title='bbox 568 3878 598 3933; x_wconf 89' lang='lat' dir='ltr'>et</span> <span class='ocrx_word' id='word_1_230' title='bbox 618 3876 647 3934; x_wconf 90' lang='lat' dir='ltr'>in</span> <span class='ocrx_word' id='word_1_231' title='bbox 668 3874 871 3952; x_wconf 89' lang='lat' dir='ltr'>Spiritnalibns</span> <span class='ocrx_word' id='word_1_232' title='bbox 895 3877 1024 3938; x_wconf 89' lang='lat' dir='ltr'>Vicarius</span> <span class='ocrx_word' id='word_1_233' title='bbox 1045 3873 1213 3950; x_wconf 89' lang='lat' dir='ltr'>Generalis,</span> <span class='ocrx_word' id='word_1_234' title='bbox 1236 3875 1302 3938; x_wconf 86' lang='lat' dir='ltr'>lde·</span> 
     </span>
     <span class='ocr_line' id='line_1_32' title="bbox 194 3977 1300 4058; baseline 0.005 -18"><span class='ocrx_word' id='word_1_235' title='bbox 194 3979 322 4058; x_wconf 90' lang='lat' dir='ltr'>tropolit.</span> <span class='ocrx_word' id='word_1_236' title='bbox 344 3977 434 4039; x_wconf 85' lang='lat' dir='ltr'>Aedis</span> <span class='ocrx_word' id='word_1_237' title='bbox 456 3977 558 4040; x_wconf 90' lang='lat' dir='ltr'>Colon.</span> <span class='ocrx_word' id='word_1_238' title='bbox 581 3979 761 4057; x_wconf 91' lang='lat' dir='ltr'>Canonicus,</span> <span class='ocrx_word' id='word_1_239' title='bbox 783 4001 858 4046; x_wconf 90' lang='lat' dir='ltr'>anno</span> <span class='ocrx_word' id='word_1_240' title='bbox 881 3983 982 4056; x_wconf 79' lang='lat'>1616,</span> <span class='ocrx_word' id='word_1_241' title='bbox 1005 3984 1052 4046; x_wconf 91' lang='lat' dir='ltr'>die</span> <span class='ocrx_word' id='word_1_242' title='bbox 1073 4002 1148 4047; x_wconf 91' lang='lat' dir='ltr'>nona</span> <span class='ocrx_word' id='word_1_243' title='bbox 1169 3983 1300 4058; x_wconf 67' lang='lat' dir='ltr'>Octobr,</span> 
     </span>
     <span class='ocr_line' id='line_1_33' title="bbox 159 4087 1300 4171; baseline 0.006 -26"><span class='ocrx_word' id='word_1_244' title='bbox 159 4127 163 4132; x_wconf 87' lang='lat'><em>-</em></span> <span class='ocrx_word' id='word_1_245' title='bbox 196 4105 249 4164; x_wconf 89' lang='lat' dir='ltr'>per</span> <span class='ocrx_word' id='word_1_246' title='bbox 270 4087 500 4148; x_wconf 82' lang='lat' dir='ltr'>illustrissimum</span> <span class='ocrx_word' id='word_1_247' title='bbox 522 4087 680 4150; x_wconf 88' lang='lat' dir='ltr'>Dominum</span> <span class='ocrx_word' id='word_1_248' title='bbox 707 4090 866 4152; x_wconf 79' lang='lat' dir='ltr'>Antonium</span> <span class='ocrx_word' id='word_1_249' title='bbox 893 4091 1099 4171; x_wconf 86' lang='lat' dir='ltr'>Albergatum,</span> <span class='ocrx_word' id='word_1_250' title='bbox 1127 4092 1300 4171; x_wconf 90' lang='lat' dir='ltr'>Vigiliarum</span> 
     </span>
     <span class='ocr_line' id='line_1_34' title="bbox 195 4195 1300 4274; baseline 0.005 -18"><span class='ocrx_word' id='word_1_251' title='bbox 195 4196 375 4274; x_wconf 88' lang='lat' dir='ltr'>Episcopum</span> <span class='ocrx_word' id='word_1_252' title='bbox 396 4212 429 4256; x_wconf 89' lang='lat' dir='ltr'>ac</span> <span class='ocrx_word' id='word_1_253' title='bbox 450 4196 534 4258; x_wconf 89' lang='lat' dir='ltr'>Sedis</span> <span class='ocrx_word' id='word_1_254' title='bbox 551 4195 735 4274; x_wconf 81' lang='lat' dir='ltr'>Apostolicae</span> <span class='ocrx_word' id='word_1_255' title='bbox 752 4196 904 4271; x_wconf 87' lang='lat' dir='ltr'>Nuntium,</span> <span class='ocrx_word' id='word_1_256' title='bbox 926 4199 1095 4262; x_wconf 88' lang='lat' dir='ltr'>solemniter</span> <span class='ocrx_word' id='word_1_257' title='bbox 1115 4204 1300 4262; x_wconf 86' lang='lat' dir='ltr'>consecratus</span> 
     </span>
     <span class='ocr_line' id='line_1_35' title="bbox 197 4301 1300 4382; baseline 0.006 -19"><span class='ocrx_word' id='word_1_258' title='bbox 197 4304 291 4364; x_wconf 91' lang='lat' dir='ltr'>estin</span> <span class='ocrx_word' id='word_1_259' title='bbox 314 4302 411 4364; x_wconf 93' lang='lat' dir='ltr'>Choro</span> <span class='ocrx_word' id='word_1_260' title='bbox 431 4302 579 4366; x_wconf 86' lang='lat' dir='ltr'>Ecclesiae</span> <span class='ocrx_word' id='word_1_261' title='bbox 601 4301 842 4382; x_wconf 79' lang='lat' dir='ltr'>Metropolitanus</span> <span class='ocrx_word' id='word_1_262' title='bbox 865 4305 1011 4368; x_wconf 85' lang='lat' dir='ltr'>Coloniae.</span> <span class='ocrx_word' id='word_1_263' title='bbox 1062 4306 1116 4368; x_wconf 93' lang='lat' dir='ltr'>Vir</span> <span class='ocrx_word' id='word_1_264' title='bbox 1136 4325 1206 4370; x_wconf 87' lang='lat' dir='ltr'>sane</span> <span class='ocrx_word' id='word_1_265' title='bbox 1237 4327 1300 4370; x_wconf 84' lang='lat' dir='ltr'>ma·</span> 
     </span>
    </p>
   </div>
   <div class='ocr_carea' id='block_1_10' title="bbox 197 4410 1299 4496">
    <p class='ocr_par' dir='ltr' id='par_1_10' title="bbox 197 4410 1299 4496">
     <span class='ocr_line' id='line_1_36' title="bbox 197 4410 1299 4496; baseline 0.007 -26"><span class='ocrx_word' id='word_1_266' title='bbox 197 4428 269 4490; x_wconf 87' lang='lat' dir='ltr'>gnae</span> <span class='ocrx_word' id='word_1_267' title='bbox 289 4412 492 4490; x_wconf 79' lang='lat' dir='ltr'>experientiae,</span> <span class='ocrx_word' id='word_1_268' title='bbox 514 4413 543 4474; x_wconf 92' lang='lat' dir='ltr'>in</span> <span class='ocrx_word' id='word_1_269' title='bbox 560 4410 689 4490; x_wconf 90' lang='lat' dir='ltr'>Collegio</span> <span class='ocrx_word' id='word_1_270' title='bbox 709 4415 994 4492; x_wconf 78' lang='lat' dir='ltr'>germanicoltomae</span> <span class='ocrx_word' id='word_1_271' title='bbox 1015 4434 1032 4478; x_wconf 89' lang='lat' dir='ltr'>a</span> <span class='ocrx_word' id='word_1_272' title='bbox 1053 4415 1195 4496; x_wconf 84' lang='lat' dir='ltr'>Gregorio</span> <span class='ocrx_word' id='word_1_273' title='bbox 1214 4417 1299 4484; x_wconf 87' lang='lat' dir='ltr'>Xlll.</span> 
     </span>
    </p>
   </div>
   <div class='ocr_carea' id='block_1_11' title="bbox 0 0 1433 4828">
    <p class='ocr_par' dir='ltr' id='par_1_11' title="bbox 0 0 1433 4828">
     <span class='ocr_line' id='line_1_37' title="bbox 0 0 1433 4828; baseline 0 0"><span class='ocrx_word' id='word_1_274' title='bbox 0 0 1433 4828; x_wconf 95' lang='lat' dir='ltr'> </span> 
     </span>
    </p>
   </div>
  </div>
 </body>
</html>
