2832 4828
710 307 759 382 68

184 510 270 574 licam
288 529 305 572 a
325 504 425 574 hone
446 509 524 588 Papa
545 510 587 572 X.
617 511 797 590 procuravit,
828 507 1042 590 Suffragaueus.
1092 508 1179 572 Auno
1202 507 1293 579 isso,

183 609 368 700 licmpenam
389 622 497 682 missus
518 619 554 680 ab
577 617 745 682 Hermanno
765 613 918 694 wedene,
947 618 1176 698 Archiepiscopo
1205 620 1297 682 Colo-

185 732 288 806 niensi,
300 749 354 809 pro
373 733 488 808 pastore
506 745 570 790 erm
591 731 663 790 rexit
675 729 845 802 Ecclesiam,
861 730 952 790 invito
974 725 1296 790 AbbsleGladbacensi.

185 840 259 920 Ejus
280 839 324 900 rei
344 803 431 899 causa
452 837 699 899 lismotaRomse
713 839 816 916 agitata
838 841 883 898 est
903 853 996 916 usque
1018 837 1054 897 ad
1076 835 1296 909 ann‘umldlii„

186 947 320 1026 quando,
351 946 491 1007 sententia
516 963 569 1024 pro
591 943 702 1007 Abbate
732 945 924 1008 Glsdbsoensi
946 945 1022 1019 lata,
1053 945 1132 1024 epud
1162 943 1297 1008 Caesaris

185 1054 312 1117 insulam
341 1056 466 1132 partium
494 1058 614 1115 tractatu
636 1055 672 1114 lis
686 1059 738 1116 -est
756 1056 862 1132 sopite.
913 1053 1022 1115 Mansit
1050 1054 1168 1116 interim
1191 1056 1221 1114 in
1243 1073 1297 1134 pa·

185 1163 301 1224 rochice
321 1162 567 1224 administratione
588 1163 666 1222 idem
683 1163 823 1238 Quirinus
835 1179 929 1242 usque
949 1161 985 1222 ad
1007 1167 1131 1222 mortem
1152 1161 1224 1230 lere,
1246 1181 1298 1224 cu·

184 1270 233 1349 jus
254 1273 283 1332 in
305 1270 554 1333 confirmationem
575 1272 718 1333 inservire
740 1275 862 1350 possunt
889 1271 1002 1332 litterae
1023 1272 1054 1330 in
1074 1269 1174 1332 codice
1196 1275 1298 1334 nostro

188 1379 375 1459 diplomatico
386 1379 598 1442 Archidioeces.
616 1379 717 1442 Colon.
728 1377 752 1462 ι)
775 1377 1144 1458 allatusquoaincipiuni:
1168 1378 1298 1454 „Coram

188 1485 313 1551 Domino
328 1487 462 1563 Quirino,
483 1487 629 1566 Episcopo
651 1487 818 1567 Cyrenensi,
841 1485 1059 1566 Archiepiscopi
1081 1487 1246 1548 Hermauui
1269 1493 1299 1549 et

187 1597 333 1658 Electoris
354 1596 468 1658 Vicurio
489 1598 518 1656 in
541 1594 768 1672 pontificalibus,
802 1615 855 1658 nec
880 1615 937 1658 non
958 1595 1129 1674 parochialis
1147 1595 1298 1658 Ecclesiae

189 1705 365 1782 licmpensis
383 1707 500 1780 pastore
516 1708 570 1765 etc.
592 1703 699 1764 Datum
718 1705 747 1764 in
769 1704 891 1784 llempis
908 1723 984 1766 enno
999 1704 1114 1765 Domini
1137 1703 1298 1765 millesimo

188 1811 421 1892 quingentesimo
438 1813 586 1872 tricesimo
610 1815 712 1890 primo,
732 1813 780 1873 die
798 1813 971 1874 duodecima
989 1814 1097 1874 mensis
1114 1811 1296 1872 Februarii.“
1399 1855 1400 1858 ,

188 1920 256 2000 lpse
274 1920 361 1980 etiam
376 1922 555 1982 consecravit
575 1919 716 1980 Abbatem
738 1919 946 1998 Campensem,
965 1923 1006 1980 uti
1026 1920 1086 1982 lis.
1108 1920 1144 1980 li.
1162 1919 1197 1978 D.
1215 1919 1295 1982 Wil-

188 2027 239 2089 mii
251 2029 352 2090 docete
375 2027 477 2100 „Anno
490 2025 667 2089 Muxxix.
680 2031 805 2089 ioannes
815 2029 975 2107 lngeuracy
985 2027 1095 2089 electus
1107 2025 1297 2088 inXXXlll.

188 2135 332 2196 Abbatem
351 2135 463 2214 Compi,
482 2153 498 2196 a
515 2135 630 2197 duobus
648 2134 809 2197 Abbatibus
823 2139 869 2197 sui
890 2135 1008 2209 Ordinis
1028 2138 1056 2196 in
1078 2151 1190 2196 sacram
1209 2137 1300 2196 Joan-
1400 2157 1401 2188 i

191 2248 317 2306 nitarum
338 2245 441 2306 aedem
467 2243 604 2306 Coloniae
624 2241 780 2306 honorifice
799 2244 956 2316 deductus,
977 2261 1031 2321 per
1049 2243 1213 2305 Reverend.
1238 2243 1299 2304 Do·
1400 2233 1401 2238 ’

190 2355 301 2414 minum
316 2353 481 2428 Quirinum,
501 2354 688 2415 illustrissimi
706 2351 898 2414 Hermenuia
917 2353 1014 2414 Wede
1031 2354 1061 2413 in
1080 2351 1298 2414 pontificalibus

190 2459 347 2535 vicarium,
368 2460 406 2522 ll.
423 2461 521 2523 Nonas
536 2461 606 2522 Julii
632 2462 788 2542 episcopali
800 2461 1000 2524 benedictione
1016 2465 1060 2523 est
1077 2459 1297 2523 confirmatus.“

190 2569 234 2631 De
258 2569 363 2631 eodem
382 2569 461 2630 aliud
482 2570 677 2649 suppeditavit
697 2574 919 2632 monumentum
938 2572 984 2630 cit.
1002 2568 1160 2642 Wilmius,
1184 2569 1299 2628 editum
1401 2559 1402 2632 l

192 2697 245 2758 pro
260 2678 373 2741 Sacello
399 2679 525 2758 quodam
545 2678 574 2740 S.
595 2677 717 2740 liuberti
739 2695 832 2758 prope
853 2678 1053 2757 Kompenam,
1076 2677 1158 2756 cujus
1179 2676 1238 2738 hoc
1257 2681 1300 2740 est
1401 2667 1402 2676 ’

192 2789 329 2848 initiumr‘
344 2786 476 2861 „Coram
498 2785 625 2848 Domino
642 2783 773 2861 Quirino,
798 2787 945 2866 Episcopo
962 2784 1121 2864 Cyrenensi
1141 2789 1217 2845 etc.‘⁴
1244 2785 1299 2846 nisi

192 2895 269 2957 idem
289 2898 341 2970 sit,
364 2897 444 2975 quod
468 2911 557 2973 supra
579 2893 745 2968 attulimus,
776 2895 863 2954 etiam
888 2893 924 2954 ad
949 2891 1095 2954 Sacellum
1120 2891 1299 2954 &Eunoni

191 3008 333 3081 spectans.
354 3035 394 3048 -
417 3001 549 3064 interluit
567 3003 644 3063 idem
668 3000 797 3064 Concilio
812 2999 993 3076 Prouinciali,
1014 2973 1092 3080 quod
1112 2999 1299 3062 ann01536.

192 3111 377 3174 Hermannus
399 3113 434 3174 de
449 3111 557 3186 Wedu,
574 3128 641 3171 cum
654 3110 749 3170 adhuc
771 3109 902 3171 catholici
916 3109 1057 3188 Principis
1075 3113 1173 3187 partes
1189 3115 1298 3188 egeret,

191 3220 307 3300 collegit
326 3218 464 3283 Coloniae
480 3219 620 3280 adversus
637 3219 914 3291 haeresenmeniam,
929 3235 1004 3296 quae
1026 3222 1095 3278 tuuc
1110 3215 1299 3278 Germaniam

191 3329 389 3405 dementabat,
411 3329 578 3390 auctoribus
599 3327 727 3408 profugis
748 3326 783 3388 ab
802 3327 995 3389 ecclesiastica
1017 3323 1167 3403 disciplina
1181 3326 1256 3385 viris
1272 3329 1300 3386 el

190 3439 371 3502 mulieribus.
392 3473 432 3484 —-
455 3435 534 3500 Obiit
551 3455 626 3498 anno
642 3433 743 3506 1537,
759 3434 893 3512 sepultus
904 3435 934 3494 in
952 3433 1050 3496 Chcro
1067 3434 1143 3511 apud
1159 3433 1188 3494 S.
1205 3433 1300 3494 Maxi·

190 3551 302 3609 minum
324 3546 479 3620 Coloniae,
498 3549 571 3606 teste
591 3535 754 3622 epitaphio:
778 3541 881 3616 „Anno
899 3541 1018 3602 Domini
1037 3539 1139 3614 1537,
1155 3542 1203 3602 die
1222 3561 1300 3604 nona

190 3659 299 3718 mensis
323 3655 514 3728 Novembris,
530 3653 601 3716 obiit
626 3651 818 3714 Revereudus
840 3652 868 3710 in
894 3649 1010 3712 Christo
1031 3649 1130 3723 Pater,
1152 3649 1299 3713 Dominus

191 3765 330 3840 Quirinus
345 3781 382 3841 op
402 3765 469 3824 dem
488 3762 561 3822 Veld
580 3759 739 3833 aWilich,
760 3759 924 3838 Episcopus
945 3758 1130 3837 Cyrenensis,
1150 3757 1298 3820 Reveren-

191 3873 302 3934 dissimi
317 3871 404 3932 Dcm.
426 3869 594 3939 Hermann,
617 3868 834 3948 Archiepiscdpi
848 3867 1048 3942 Coloniensis,
1070 3869 1099 3928 in
1120 3866 1298 3930 Pontificali·

189 3981 245 4043 bus
265 3979 398 4043 vicarius
419 3977 466 4038 hic
486 3977 655 4055 sepultus.“

227 4222 253 4284 i)
271 4224 345 4275 Tum.
365 4221 402 4274 ll.
419 4234 475 4286 pig.
494 4219 556 4272 scs.
