2832 4828
730 363 898 438 to'

201 561 309 627 Notilia
342 565 465 641 Leonis,
486 565 578 628 altera
605 566 749 628 ininsula
772 565 879 647 Aegaei
906 569 994 630 maris
1014 565 1220 644 Macedoniae,
1252 568 1305 630 suh

145 689 151 700 ¹
200 673 356 753 Metropoli
380 676 511 766 Larissa,
538 676 707 738 Provinciae
728 675 936 760 Thessaliae¹).
980 677 1035 739 Hic
1054 679 1181 740 loannes
1197 677 1306 757 Scopu-

200 781 291 844 lensis
308 801 384 844 anno
402 783 502 856 1310..
522 785 562 846 Χ.
579 783 702 846 Kalend.
721 783 899 860 Decembris,
911 788 1087 849 consecravit
1099 785 1238 848 Coloniae
1253 785 1306 847 Ca·

199 890 308 970 pellam
328 892 363 952 ad
391 891 583 972 Elephantem
601 893 648 956 vel
668 893 704 956 ad
725 893 842 970 Oileos,
861 899 962 973 postea
981 894 1192 956 Monasterium
1213 893 1237 954 F
1240 912 1307 954 ran-

199 1000 398 1074 ciacauorum,
419 1004 446 1062 iu
463 1001 603 1063 honorem
618 1001 647 1064 S.
665 1003 784 1080 Aguelis
796 999 832 1085 ²),
855 1005 903 1064 cui
924 1021 1025 1065 mense
1048 1005 1181 1082 sequenti
1206 1003 1307 1080 plures

199 1107 319 1186 largitus
340 1113 384 1170 est
405 1110 605 1189 indulgentias.
657 1108 764 1172 Charta
785 1111 932 1190 originalis
951 1113 980 1172 in
1002 1127 1180 1191 pergameno
1199 1113 1307 1188 scripta

199 1215 353 1295 sigilloque
374 1220 485 1280 munita
506 1222 549 1280 sic
570 1217 675 1280 hahet:
699 1217 780 1294 „Nos
803 1219 904 1281 Frater
928 1221 1090 1294 iohannes,
1112 1219 1166 1280 Dei
1183 1219 1307 1298 eiApo·
1399 1225 1400 1236 ¹

198 1325 315 1386 stolioae
333 1326 416 1388 Sedis
434 1330 523 1406 gratia
548 1326 733 1406 Scopulensis
750 1327 900 1390 Ecclesiae
919 1329 1085 1406 Episcopus
1106 1345 1140 1388 ao
1157 1315 1233 1388 'Vera
1252 1327 1307 1387 Pa-

198 1435 250 1494 tris
265 1433 378 1496 Domini
387 1433 513 1505 hienrici,
525 1434 742 1514 Archiepiscopi
753 1435 942 1508 Coloniensis,
958 1437 1166 1515 perfcinitalem
1177 1441 1208 1496 et
1219 1435 1307 1497 Dioe·

198 1543 277 1603 cesin
289 1541 392 1604 Coton.
404 1544 432 1603 in
444 1541 661 1604 Pontificalihus
676 1548 706 1604 et
715 1543 919 1623 spiritualibus
934 1545 1012 1606 vices
1028 1561 1141 1622 gerens,
1161 1545 1306 1604 universis
1399 1605 1400 1614 ,

200 1650 308 1713 Christi
330 1650 464 1712 fidelibus
487 1651 611 1712 salutem
638 1653 666 1712 in
692 1650 818 1714 Domino
837 1651 1060 1730 sempiternami
1101 1653 1184 1712 Licet
1205 1653 1246 1734 is,
1272 1654 1307 1714 de

198 1758 282 1837 cujus
307 1777 428 1820 munere
454 1761 549 1829 venit,
570 1763 604 1820 ut
620 1760 707 1820 albia
733 1759 867 1821 fidelibus
889 1762 951 1822 suis
972 1761 1058 1838 digne
1080 1765 1109 1822 et
1124 1759 1308 1822 laudabiliter
1399 1807 1400 1846 ,

199 1870 348 1942 serviatur,
364 1869 438 1930 bene
456 1869 649 1930 servientibus
667 1867 760 1930 multo
779 1868 899 1930 meliora
917 1869 1065 1944 retribuat,
1085 1886 1173 1948 quam
1190 1869 1308 1930 valeant

199 1979 371 2057 promereri,
395 1978 455 2039 Nos
485 1982 591 2048 tamen,
613 1977 650 2039 ob
670 1979 759 2038 divini
780 1976 874 2038 cultus
893 1980 1084 2038 reverentiam
1102 1982 1132 2039 et
1154 1995 1306 2040 sacrorum

198 2085 330 2147 locorum
353 2086 546 2166 frequentiam
566 2086 750 2148 devotionem
774 2084 904 2147 fidelium
923 2103 1081 2164 provocare
1097 2088 1260 2164 cupientes,
1276 2092 1307 2148 ut

196 2193 316 2272 Capella
334 2195 370 2255 ad
389 2194 600 2272 Elephautem,
623 2195 677 2255 sita
691 2195 720 2253 in
741 2192 878 2254 Parochia
891 2194 921 2256 S.
933 2193 1094 2256 Columbae
1112 2193 1307 2265 Coloniensis,

197 2319 273 2381 quae
294 2321 311 2364 a
333 2301 417 2363 nohis
436 2320 503 2364 oum
526 2321 580 2364 suo
607 2301 697 2365 Aliari
727 2303 758 2363 iu
780 2301 921 2364 honorem
941 2303 971 2364 S.
994 2297 1096 2365 Crucis
1130 2307 1160 2364 et
1184 2302 1308 2366 Sauone

197 2411 317 2490 Agnetis
347 2410 426 2490 Virg.
455 2409 672 2476 annoxllomini
694 2411 849 2473 millesimo
871 2413 1075 2474 trecentesimo
1103 2411 1235 2484 decimo,
1266 2412 1306 2472 X.
1355 2449 1357 2452 -

195 2517 319 2580 Kalend.
338 2517 501 2584 Decembr..
523 2523 567 2578 est
586 2518 723 2592 dedicata,
744 2535 761 2579 a
782 2518 895 2581 devotis
920 2517 1054 2581 fidelibus
1069 2519 1212 2580 visitetur
1225 2523 1306 2581 tanto
1398 2587 1399 2606 χ

195 2625 333 2700 erebrius,
351 2631 460 2705 quanto
478 2625 585 2687 ibidem
605 2629 695 2706 gratia
713 2627 831 2688 uberior
850 2627 1002 2688 exhibetur
1020 2629 1050 2688 in
1070 2627 1305 2690 solemnitatibus

195 2734 267 2796 infra
284 2734 408 2815 scriptis,
425 2735 562 2797 uidelicet
583 2736 613 2795 in
640 2734 715 2796 festo
732 2735 925 2798 Dedicallonis
942 2735 1013 2815 ejus,
1031 2738 1060 2797 in
1077 2735 1233 2798 Nativitate
1244 2737 1305 2798 Do·

195 2847 284 2918 mini,
305 2849 334 2906 in
355 2845 479 2918 Pascha,
500 2847 531 2905 in
550 2843 736 2920 Pentecoste,
761 2848 790 2908 in
813 2844 887 2908 festo
911 2848 1043 2908 omnium
1057 2845 1248 2920 Sanctorum,
1276 2849 1305 2906 ia

195 2954 308 3016 duabus
327 2953 557 3015 solemnitatibus
571 2953 601 3015 S.
620 2951 731 3028 Crucis,
748 2955 777 3014 in
794 2961 917 3034 quatuor
935 2953 1017 3016 festis
1033 2955 1067 3016 B.
1085 2953 1201 3022 Mariae,
1213 2955 1304 3034 Virg,

195 3065 225 3123 in
247 3061 447 3122 festivitatibus
465 3059 616 3124 beatorum
638 3059 863 3140 Apostolorum,
882 3064 911 3123 in
930 3061 1003 3124 festo
1020 3063 1053 3124 B.
1073 3063 1192 3142 Agnetis
1210 3063 1305 3143 Virg,

196 3174 225 3232 et
244 3170 365 3247 singulis
388 3169 489 3230 diebus
506 3169 666 3231 Dominicis
686 3169 758 3231 infra
780 3170 884 3232 festum
906 3169 1033 3234 Paschae
1058 3175 1087 3232 et
1110 3170 1304 3246 Pentecostes,
1397 3195 1398 3200 ¹

195 3280 331 3343 omnibus
351 3297 421 3342 vere
444 3278 659 3359 poenitentibus
681 3283 710 3340 et
727 3278 882 3352 confessis,
903 3281 952 3358 qui
972 3297 1048 3340 anno
1066 3263 1256 3358 quocumque
1275 3280 1304 3340 in

194 3391 299 3470 quovis
315 3390 455 3452 festorum
473 3389 686 3468 praedictorum
708 3387 864 3466 praelatam
883 3386 1031 3468 Capellam
1047 3391 1077 3448 et
1095 3386 1195 3448 Altare
1216 3406 1305 3466 prae·

195 3499 304 3560 dictum
327 3516 414 3566 causa
434 3497 596 3558 devotionis
610 3498 809 3570 accesserint,
837 3497 873 3558 de
891 3497 1095 3575 omnipotentis
1113 3495 1168 3557 Dei
1190 3497 1305 3558 miseri·

195 3601 291 3667 cordia
309 3603 426 3679 confisi,
443 3605 631 3683 quadraginta
653 3604 715 3665 dies
737 3605 773 3666 de
793 3603 919 3684 injuncta
946 3605 1000 3666 sibi
1018 3605 1193 3686 poenitentia
1216 3606 1304 3667 mise

195 3713 349 3775 ricordller
367 3714 547 3787 relaxamus,
573 3713 679 3774 festum
705 3719 804 3775 autem
827 3714 1021 3776 Dedicationis
1048 3714 1212 3794 praedictae
1239 3719 1305 3792 post

195 3839 304 3884 aunum
326 3827 508 3898 praesentem
529 3824 612 3884 annis
636 3823 756 3902 singulis
781 3823 913 3900 proxima
930 3823 1082 3884 Dominica
1104 3827 1171 3902 post
1195 3821 1303 3884 festum

195 3933 346 3994 bealorum
373 3928 582 4007 Apostolorum
604 3929 730 4010 Philippi
753 3935 783 3992 et
805 3931 904 3994 Jacobi
934 3931 1050 3993 debebit
1076 3933 1303 4012 inperpetuum
1395 3961 1396 4023 q

195 4038 344 4100 celebrari.
388 4037 422 4100 ln
446 4038 671 4116 praemissorum
692 4044 790 4102 autem
807 4040 1006 4102 testimonium
1024 4040 1151 4120 sigillum
1169 4045 1304 4104 nostrum

204 4191 500 4206 m

231 4293 257 4356 1)
274 4293 351 4348 'Cont
369 4292 492 4356 bequien.
528 4291 601 4344 Torn.
621 4292 643 4343 Ι.
664 4289 721 4356 pag.
740 4291 818 4346 1187.
853 4297 925 4348 Tom.
944 4294 980 4346 11.
997 4306 1055 4360 pag.
1071 4293 1134 4346 11⁸.

233 4387 261 4452 2)
282 4388 406 4440 Gelenius
424 4387 456 4438 de
474 4387 619 4451 Magnitud.
637 4387 766 4441 Coloniae.
785 4401 842 4454 pag.
861 4389 922 4442 519.
