2832 4828
652 379 699 454 te

117 585 262 649 Eoenobii
282 583 541 648 affectuosissimus
562 581 733 646 Bmeiactcr
753 573 950 654 collatrones,
972 572 1104 658 sepium
1126 575 1231 638 inloco

120 697 212 757 totius
231 693 381 756 Ecclesiae
402 693 642 766 honoratissimo,
670 688 700 752 ln
722 691 819 752 medio
840 687 929 752 Cbori
949 683 1166 750 sacerdotalis.“
1188 715 1230 730 -··

120 803 318 881 Sepulchrum
340 801 428 863 hebet
456 803 527 864 satie
555 804 781 879 sumptuosum,
808 799 953 860 eleaetum
982 793 1019 858 ed
1040 799 1100 856 tres
1119 792 1234 855 circiter

121 914 230 992 pedes,
262 913 373 990 integre
395 914 564 988 coopertum
586 909 693 971 lemine
715 926 821 982 aenea,
844 925 898 986 per
919 907 1073 967 circuitum
1095 919 1166 964 vero
1187 917 1234 961 se·

123 1019 239 1100 pulchri
260 1018 416 1081 artificiose
437 1019 552 1096 depicta
579 1018 721 1080 habentur
750 1019 888 1096 mysteria
914 1013 1058 1094 pessloni'e
1078 1009 1235 1076 Salvatoris

122 1129 225 1190 nostri.
276 1127 353 1191 Cum
374 1131 471 1190 autem
493 1127 658 1190 Chroniccn
681 1125 841 1188 Culmenee
859 1141 930 1186 eum
952 1123 988 1184 ed
1009 1137 1119 1183 eanum
1141 1115 1233 1179 iton.

122 1239 286 1300 decessisse
315 1239 435 1311 indicat,
465 1241 559 1311 erret,
588 1240 622 1298 ut
642 1236 735 1315 liquet
763 1253 799 1296 ex
820 1231 992 1313 Epitaphio,
1023 1229 1102 1310 quod
1123 1231 1169 1290 est
1189 1227 1234 1287 in-

123 1349 266 1423 scriptum
288 1353 478 1408 monumento
511 1347 607 1407 illius:
639 1345 753 1418 „Anno
771 1343 888 1406 Domini
912 1337 1155 1404 dcccxcviii.
1187 1337 1234 1398 dle

122 1455 197 1516 XX.
220 1458 330 1516 mensis
351 1455 420 1517 Julii
443 1455 513 1517 obiit
534 1454 738 1517 Reverendiss.
761 1455 792 1514 in
811 1451 926 1515 Christo
940 1447 1025 1511 Pater
1045 1452 1074 1510 et
1089 1447 1233 1508 Dominus

123 1563 159 1624 Ι).
182 1541 388 1636 Wichboldue,
411 1565 574 1642 Episcopus
595 1561 793 1624 Culmensie.“
824 1557 914 1638 Cujus
936 1557 1090 1620 nativitatis
1111 1560 1141 1617 et
1162 1571 1234 1616 con·

124 1673 295 1734 secretionis
316 1673 345 1732 in
366 1673 546 1751 Episcopum
569 1675 701 1749 tempora
723 1670 856 1748 sequenti
877 1671 972 1730 metro
993 1669 1184 1730 annotantur:

277 1849 346 1900 Ecce
364 1843 408 1902 aer
426 1854 452 1899 et
468 1849 566 1900 Litium
584 1862 626 1900 me
643 1848 733 1900 muudi
752 1848 801 1902 sub
819 1846 954 1912 Policerpo

281 1943 361 1992 Duxit
378 1943 405 1993 in
423 1944 541 2002 exilium,
565 1944 609 2006 qui
628 1951 713 1995 mente
731 1943 819 2008 polum
837 1943 914 1994 modo
933 1954 1018 2004 cerpo.

279 2039 376 2088 Desino
395 2037 547 2095 defunctus,
566 2040 669 2104 proprio
688 2039 731 2090 his¹
747 2040 851 2090 nomine
869 2037 1011 2100 iunctus¹),

279 2131 305 2183 X
323 2137 362 2183 ter
380 2137 406 2182 et
423 2134 458 2190 L,
475 2132 581 2192 iunctus
600 2133 694 2197 pictate
713 2133 761 2184 Dei
779 2147 852 2186 sacer
870 2139 971 2191 uectus,

280 2227 375 2279 Terrae
393 2233 525 2280 terrenum
543 2227 667 2289 reddens,
686 2228 733 2282 sed
750 2227 868 2291 Spiritus·
881 2228 956 2279 illum

280 2323 392 2376 Cernere
410 2323 591 2386 nunculium,
609 2326 655 2388 qui
672 2325 707 2375 sit
724 2323 776 2376 sibi
793 2323 878 2378 slvere
895 2324 1010 2388 pienum.

344 2516 430 2579 -Vlll.
473 2515 735 2581 uuuuflsuuus
761 2515 1016 2581 SEBbSTENUS.

191 2649 382 2714 Eberhardue
403 2649 440 2712 de
461 2649 677 2725 Westerbeim,
715 2651 878 2731 Episcopus
907 2649 1087 2713 sebastensis
1108 2647 1144 2711 eb
1165 2649 1238 2711 urbe

128 2761 179 2825 vel
200 2761 365 2832 sebastem,
387 2777 463 2838 quae
484 2759 692 2821 estArmeniae
713 2759 839 2821 secunde
858 2739 1031 2837 metropolis
1049 2757 1127 2837 apud
1137 2756 1238 2818 Nilum
1279 2829 1284 2836 ⁶

124 2871 331 2950 Doropatrum
347 2865 383 2951 ²),
412 2866 461 2930 ecl
483 2884 500 2928 e
521 2867 697 2930 Sebaste‘in
718 2866 879 2930 Palaestina
906 2867 1027 2947 prima·
1052 2867 1097 2928 lle
1118 2885 1154 2928 eo
1175 2883 1239 2928 rem

128 2980 247 3057 dignam
279 2977 368 3051 scitu,
401 2978 430 3036 et
451 2993 525 3055 quae
547 2980 662 3054 praeter
688 2975 745 3037 elie
766 2977 869 3038 indicia
891 2993 998 3038 munus
1019 2973 1182 3056 pontificale
1202 2973 1239 3038 ab

127 3087 181 3148 illo
203 3090 303 3148 sancte
324 3083 435 3146 obitum
456 3083 647 3158 demonstret,
680 3083 865 3166 adjungimus
896 3104 933 3147 ex
953 3083 1077 3148 Geleuio
1105 3085 1142 3146 de
1172 3084 1239 3147 bla-

126 3194 241 3274 guitud.
262 3189 402 3254 Coloniae
422 3190 502 3252 Libr.
515 3191 567 3253 lIl.
590 3209 654 3270 peg.
677 3189 762 3268 1⁵12,
787 3194 838 3272 qui
859 3213 896 3254 ex
917 3193 1065 3256 tebulariis
1087 3193 1238 3255 Praedica-

127 3308 229 3364 torum
251 3317 305 3362 sua
325 3297 441 3362 hausit:
463 3298 658 3372 „Admodum
679 3299 842 3362 Reverend.
864 3305 894 3362 et
914 3301 1087 3363 venerabilis
1107 3299 1139 3360 P.
1161 3301 1238 3362 Fret.

128 3409 320 3473 Everbardus
341 3409 379 3470 de
398 3407 615 3482 Weeterbeim,
637 3407 742 3469 nobilis
763 3427 885 3487 genere,
906 3407 1069 3487 Episcopus
1089 3408 1239 3470 Ecclesiae

128 3517 338 3590 sebastiensis,
370 3520 399 3577 et
414 3547 417 3552 ·
431 3515 562 3577 Vicerius
594 3515 624 3576 iu
650 3514 864 3578 Pontificalibus
896 3517 1058 3579 Reverend.
1092 3515 1239 3580 Pmesulis

128 3626 350 3704 Archiepiscopi
372 3623 524 3699 Eriderici,
543 3623 626 3703 cujus
647 3629 780 3702 tempore
808 3624 956 3704 quoddam
987 3626 1089 3705 dignae
1110 3625 1239 3687 enimed·
1343 3679 1353 3698 ,

127 3735 275 3800 versionis
296 3733 464 3812 exemplum
486 3733 515 3792 in
538 3749 589 3794 eos
610 3733 736 3811 contigit,
758 3733 808 3832 qui
830 3733 927 3794 divina
940 3733 1126 3797 Sacramenta
1145 3739 1238 3796 teme·

128 3863 196 3906 rere
217 3843 411 3906 audacissime
431 3859 488 3904 noe
510 3846 657 3915 verentur,
676 3843 805 3920 dignum,
827 3861 887 3921 quo
908 3841 1054 3922 religionis
1066 3847 1095 3906 et
1113 3843 1238 3924 justitiae

127 3953 267 4016 custodes
285 3949 480 4013 aemulentur.
515 3948 713 4026 Everherdue,
735 3950 878 4029 praelatus
898 3952 1071 4032 Episcopus,
1092 3971 1161 4014 cum
1182 3949 1238 4014 Ce-

166 4215 192 4277 1)
211 4209 367 4270 chbboid,
395 4210 470 4274 quasi
488 4211 539 4262 cito
557 4213 668 4272 cedens,-
685 4209 735 4264 bue
753 4211 845 4265 alludit
861 4224 952 4268 versus
971 4212 1078 4274 tertius,
1106 4212 1237 4278 siquidem

222 4307 304 4374 primo
322 4305 403 4358 cessit
420 4303 590 4372 Episcopatu,
610 4305 702 4359 deiude
719 4305 781 4362 vite.

164 4403 193 4470 2)
210 4401 369 4461 &teucos
386 4397 515 4466 tutique.
533 4401 657 4460 illustret.
674 4402 724 4456 loc.
741 4404 785 4458 cit
