2832 4828
651 396 700 470 63

124 601 314 679 assumptus,
345 597 533 681 Theologiam
555 617 623 662 cum
645 600 731 662 laude
759 601 904 675 docuerit,
925 605 956 662 et
976 599 1138 678 praecipuis
1160 615 1231 660 suae

125 707 275 786 religionis
296 709 404 770 muniis
425 709 464 769 sit
484 707 660 786 perfunctus.
703 706 868 770 Posuerunt
887 709 930 769 illi
951 707 1118 788 hujusmodi
1139 709 1232 784 epita·

127 817 249 897 phium:
271 815 371 892 „Obiit
392 818 580 880 Reverendus
601 819 630 878 in
650 815 765 880 Christo
776 818 870 893 Pater,
892 817 938 879 Fr.
953 821 983 878 et
992 816 1134 878 Dominus
1151 815 1232 876 Hen-

128 929 206 988 rieus
227 927 264 988 de
286 928 449 1002 ltivenaoo,
480 925 657 1006 Theologiae
687 927 852 1000 Professor,
886 928 1043 1005 inquisitor
1071 926 1232 986 haereticae

128 1035 296 1114 pravitatis,
318 1036 465 1115 quondam
487 1035 674 1097 Prouincialis
695 1035 780 1115 hujus
801 1033 969 1098 Provinciae
990 1035 1150 1097 'lantoniae
1177 1031 1233 1093 Or·

129 1146 206 1206 dinis
236 1143 293 1206 FF.
314 1143 566 1218 Praedicatorum,
596 1149 626 1205 et
646 1145 810 1223 Episcopus
831 1143 1131 1223 Venecomponeirsis,
1158 1157 1234 1202 anno

129 1253 247 1316 Domini
270 1249 361 1325 1b98,
382 1251 466 1316 Xlll.
488 1253 607 1317 Octobr.

386 1447 453 1510 XV.
494 1444 706 1512 innocuus
729 1445 982 1512 CYRENENSiS.

196 1580 322 1642 ilenrico
353 1583 518 1660 supradicto
545 1600 563 1642 a
591 1581 815 1662 Proepiscopatu
845 1581 1012 1645 Coloniensi
1042 1584 1138 1642 amoto
1168 1596 1237 1642 cum

131 1692 293 1752 mutatione
313 1690 401 1751 Tituli
423 1691 717 1769 Venecomponensis,
740 1709 847 1752 munus
869 1691 932 1770 ejus
954 1692 1164 1752 administravit
1182 1689 1239 1750 ilr-

132 1799 238 1860 noldus
261 1800 297 1858 de
318 1797 447 1873 Unckel,
475 1817 511 1859 ex
533 1797 644 1860 Ordine
665 1799 720 1860 FF.
746 1797 895 1862 Minorum
916 1799 1096 1877 Theologus‚
1118 1799 1239 1877 Episco-

132 1927 190 1988 pus
200 1907 384 1988 Cyrenensis,
405 1905 565 1969 Hermanni
582 1909 641 1983 lv,
653 1909 826 1986 Landgravii
848 1911 884 1970 de
898 1907 1012 1982 Hassis,
1026 1907 1238 1985 suffraganeus,

133 2031 313 2098 quamquam
324 2017 569 2095 A'rchiepiscopus
588 2019 650 2095 ipse
665 2035 722 2078 non
734 2033 800 2078 mro
812 2016 985 2095 episcopalia
998 2017 1095 2076 munia
1107 2014 1239 2096 obiret¹).

134 2128 180 2188 De
196 2125 301 2186 inielici
313 2129 407 2186 morte
418 2123 539 2186 Arnoldi
548 2124 737 2186 haec'babent
749 2125 875 2186 Annales
890 2124 962 2186 bles,
975 2124 1199 2186 Observantinm
1211 2129 1240 2184 et

135 2235 342 2315 Necrologium
354 2233 558 2297 Minoritarum
567 2232 825 2297 Conventualium:
838 2234 941 2308 „Anno
949 2232 1240 2296 MCCCCLXXXll.

134 2347 202 2423 ipso
223 2343 270 2404 die
292 2343 322 2405 S.
344 2343 487 2404 Vincentii
505 2341 641 2422 Martyris
662 2342 716 2404 bac
737 2342 852 2404 mortali
874 2345 931 2404 uita
953 2345 1085 2421 migravit
1106 2359 1173 2402 casu
1196 2344 1242 2402 in-

136 2455 258 2531 opinato
280 2450 471 2513 Reverendus
503 2449 535 2510 P.
558 2455 588 2511 et
609 2451 703 2526 llam,
732 2449 780 2510 Fr.
803 2450 951 2513 Arnoldus
983 2451 1019 2512 de
1041 2449 1167 2524 Unckel‚
1190 2451 1242 2513 SS.

135 2561 311 2639 Theologiae
336 2558 496 2632 Professor,
517 2559 680 2638 Episcopus
695 2558 880 2642 Cyrenensis,
900 2566 930 2622 et
950 2562 1153 2627 Reverendiss.
1166 2559 1242 2621 Her·

136 2669 428 2748 manni,Landgravii
448 2667 606 2741 dellassia‚
626 2667 728 2730 Colon.
740 2667 966 2756 Arcbiepiscopi,
986 2671 1015 2729 in
1027 2666 1243 2730 Pontificalibus

137 2781 290 2849 vicarius,
313 2795 371 2839 arna
393 2797 460 2839 cum
480 2777 631 2839 Sacellano
652 2795 721 2852 suo,
743 2776 831 2838 tratre
852 2777 1000 2840 Ludor'ico
1021 2759 1192 2851 de'ltielen,
1214 2779 1244 2837 et

138 2891 205 2952 aliis
226 2891 350 2968 quatuor
371 2887 536 2949 hominibus
558 2885 614 2948 boc
635 2886 682 2946 die
703 2887 732 2946 in
754 2887 857 2949 Rheno
886 2887 1064 2948 submersus.
1106 2885 1243 2963 Sepultus

139 3001 171 3060 in
193 2997 306 3061 Sacello
327 2997 469 3059 Diuorum
490 2995 728 3074 Apostolorum.“
771 2995 835 3058 Hoc
862 3001 961 3057 autem
982 2997 1134 3074 contigisse
1154 2993 1244 3055 inior·

138 3110 256 3169 tunium
277 3109 353 3168 inter
374 3101 540 3166 Wesselieh
562 3106 592 3164 ct
612 3101 765 3178 Lnlsdori,
795 3107 942 3184 spectante
971 3103 1084 3167 exalia
1113 3103 1245 3165 navicula
1343 3147 1347 3160 .

139 3217 190 3279 Fr.
212 3213 423 3294 Christopboro
444 3213 480 3274 de
495 3211 645 3291 Nureberg
665 3212 871 3286 Dominicano,
894 3217 989 3274 narrat
1010 3212 1092 3274 MSS.
1114 3213 1245 3272 Diarium

141 3324 308 3390 P.Scrvatii
322 3321 460 3396 Eanckel,
482 3320 583 3382 Ordin.
600 3320 841 3382 Praedicatorum.
864 3320 997 3382 Bruschii
1018 3326 1069 3381 aut
1089 3321 1245 3398 Cratepolii

142 3433 298 3511 Catalogus
318 3431 407 3506 addit,
428 3449 479 3492 sex
497 3429 629 3492 homines
650 3447 717 3490 cum
739 3449 775 3490 eo
792 3447 893 3509 magna
910 3433 1080 3509 tempestate
1100 3429 1129 3489 in
1142 3429 1245 3490 Itheno

141 3543 282 3621 periisse;
304 3543 400 3621 ipsum
421 3557 527 3620 nempe
546 3538 727 3618 Episcopum
748 3543 862 3600 sextum
884 3541 1054 3600 numeravit.
1090 3539 1247 3601 Submersa

142 3657 212 3714 sunt
233 3669 300 3713 cum
319 3670 353 3712 eo
372 3651 494 3728 insignia
508 3647 690 3727 pontificalia,
706 3667 831 3727 quornm
845 3653 956 3726 partem
971 3647 1057 3710 aliam
1069 3647 1247 3723 Montenses‚

142 3761 231 3822 aliam
257 3760 445 3823 Colonienses
469 3759 606 3838 piscando
625 3762 812 3820 extraxerunt
831 3762 860 3818 et
875 3757 1065 3818 retinuerunt.
1083 3790 1123 3803 -
1156 3755 1248 3818 Porro

142 3871 276 3950 Cyrenae
294 3869 393 3946 plures
411 3875 487 3944 sunt,
507 3887 564 3929 una
580 3867 693 3929 Africae
706 3867 900 3938 nobilissima,
917 3883 937 3926 a*
954 3883 1012 3946 qua
1031 3864 1188 3946 Cyrenaica
1202 3883 1249 3925 re-

144 3981 193 4059 gio
211 3995 318 4039 nomen
334 3977 428 4049 babet,
449 3996 524 4057 quae
540 3983 569 4038 et
584 3977 748 4056 Pentapolis
767 3978 898 4038 dicitura
916 3979 1045 4056 quinque
1063 3975 1249 4036 nobilissimis

146 4095 176 4154 in
198 4107 232 4150 ea
253 4088 381 4150 urbibus.
421 4087 500 4149 Haec
517 4086 632 4165 Cyrene
648 4089 702 4146 sita
715 4090 759 4146 est
775 4103 832 4146 sec.
850 4084 923 4144 Ptol.
940 4087 968 4143 in
984 4084 1074 4162 gradu
1091 4084 1167 4162 long.
1189 4082 1248 4157 50,
1280 4067 1282 4076 '

146 4195 377 4260 latitud.b0reai.
390 4194 439 4270 31,
451 4193 512 4266 20,
529 4199 558 4256 et
575 4195 676 4256 habuit
693 4193 901 4256 nobilissimam
919 4191 1114 4265 Academiam,
1134 4210 1169 4251 er
1192 4209 1250 4270 qua

184 4415 210 4480 1)
232 4411 303 4466 cont.
323 4411 446 4465 Tricbem.
466 4411 584 4466 Cbronic.
602 4412 784 4477 Hirssngiens.
801 4415 877 4468 Tom.
895 4409 930 4464 11.
950 4409 984 4462 ad
1003 4421 1062 4461 ann.
1082 4404 1163 4460 listi.
