2832 4828
647 439 696 512 69

186 633 252 696 Hoc
269 637 404 714 tempore
424 632 563 715 Georgius
582 634 768 711 Sobotbrcct,
786 635 1029 714 Archieplscop'us
1046 633 1223 702 Londuncm

120 743 169 817 sis,
184 742 257 803 elias
270 743 444 819 tunnensis,
463 763 479 805 e
495 743 584 806 Dante
603 744 696 820 exsul,
710 761 777 806 cum
789 743 987 810 Christiernns
997 743 1020 804 Ι.
1038 742 1101 809 istic
1116 742 1225 805 ostium

119 849 233 912 haeresi
252 851 425 914 Luthcricae
444 853 614 931 aperuisset,
633 835 704 914 vixit
721 853 756 913 ad
772 853 821 915 SS.
838 852 993 932 Apostolos
1012 848 1149 912 Coloniae
1167 850 1226 912 De-

119 977 228 1030 esnus,
247 963 293 1021 vir
308 959 482 1038 exemplaris
509 961 602 1035 vitoe,
622 962 671 1038 qni
692 959 798 1034 Surio,
816 959 1040 1022 familiarissimo
1057 979 1126 1034 sno,
1141 963 1225 1034 teste,

120 1085 225 1146 aspero
244 1068 339 1130 cilicio
356 1069 392 1129 ad
410 1069 521 1129 nudum
545 1085 650 1148 corpus
670 1070 831 1144 accinctus,
856 1072 886 1130 in
913 1069 1048 1146 precibus
1070 1075 1132 1160 erat
1154 1069 1227 1130 assi-

120 1177 207 1250 duus,
225 1195 288 1238 rara
300 1177 453 1254 prudente
469 1181 498 1238 et
509 1195 625 1238 morum
640 1179 779 1256 gravitate
795 1183 922 1250 ornatus,
937 1178 1079 1240 adversus
1092 1179 1229 1240 haereses

120 1283 326 1346 Coloniensem
351 1285 514 1348 Dioecesim
537 1289 738 1366 propugnavit.
781 1287 909 1348 Tandem
930 1299 1068 1364 magnum
1088 1287 1134 1347 sui
1153 1288 1230 1348 desi·

120 1393 234 1454 derium
254 1393 432 1471 relinquens,
455 1411 522 1454 cnm
538 1394 568 1454 in
585 1394 697 1458 ltaliam
714 1395 839 1469 abiisset,
852 1403 1046 1474 'praematura
1063 1400 1159 1456 morte
1176 1395 1228 1454 ab·

120 1506 224 1578 reptus
240 1505 293 1562 est.
341 1501 409 1563 Vide
432 1501 553 1564 Surium
573 1503 606 1562 ln
625 1491 805 1584 praefectione
826 1507 919 1585 operis
940 1502 1064 1568 Jococc‘s
1088 1501 1230 1583 Groppcri

121 1611 156 1670 de
190 1609 352 1671 Venerabili
378 1609 574 1674 Sacrcmroto.
617 1611 684 1674 Non
712 1591 831 1690 impune
857 1613 972 1676 ridetur
998 1613 1075 1676 hunc
1095 1611 1226 1690 aliosque

119 1716 280 1778 catholicae
306 1717 438 1796 religioni
463 1719 592 1782 addictos
615 1721 678 1784 Rex
700 1739 790 1800 regno
812 1724 959 1800 exegisse,
986 1723 1011 1782 si
1033 1721 1168 1800 quidem,
1186 1723 1229 1782 nti

118 1827 291 1906 religionem
311 1846 378 1890 cum
397 1829 502 1890 talibus
519 1832 589 1892 uiris
611 1832 833 1909 proscripserat,
858 1834 920 1910 ipse
937 1831 979 1891 ¹ub
1001 1828 1141 1908 evangelii
1161 1829 1229 1892 novi

119 1936 281 1998 cultoribus
301 1936 463 2015 projeetus,
486 1937 569 1998 exsul
588 1940 617 1998 in
638 1955 754 2000 carcere
778 1942 928 2013 mortuus,
949 1937 1117 2016 exemplum
1137 1936 1228 2000 lactus

119 2052 166 2108 est
180 2035 313 2108 omnibns
333 2047 502 2125 religionem
520 2045 691 2108 catholicam
710 2053 875 2126 permutare
895 2046 1086 2126 cupientibus.

383 2239 469 2301 XIX.
512 2237 689 2302 JOANNES
711 2237 966 2304 CYRENENSIS.

182 2373 310 2433 ioannes
337 2372 479 2449 Nopelins
496 2373 529 2444 1..
551 2371 728 2450 Lippiensis‚
752 2373 916 2452 Episcopus
935 2371 1128 2452 Cyrenensis,
1150 2371 1230 2435 Her-

118 2481 221 2539 msnni
244 2481 281 2540 de
301 2480 398 2543 Weda
425 2481 455 2540 in
480 2479 686 2557 Spiritualibus
717 2479 849 2542 Vicsrius
875 2499 909 2542 ac
932 2480 1149 2560 Suffraganeus,
1178 2481 1229 2544 SS.

119 2587 296 2666 Theologiee
317 2588 495 2648 Licentistns
526 2605 560 2648 ac
591 2587 833 2666 Metropolitnnae
865 2587 1046 2652 Coloniensis
1081 2589 1230 2651 Ecclesiae

122 2693 287 2756 Canonicns
306 2695 469 2774 Presbyter,
488 2694 633 2774 praeclare
655 2700 685 2756 et
704 2697 810 2758 invicte
831 2698 910 2758 stetit
927 2698 957 2757 in
976 2715 1092 2759 summo
1108 2697 1159 2758 illo
1174 2696 1230 2759 Co·

118 2801 260 2864 leniensis
286 2801 435 2864 Ecclesiae
459 2805 635 2876 discrimine,
656 2821 715 2882 quo
733 2805 888 2866 deterrima
910 2803 1176 2868 haeresiarcharum
1200 2810 1230 2866 et

118 2918 319 2992 apostatarum
338 2911 496 2985 colluvies,
510 2929 599 2978 ,anno
617 2909 709 2972 15t3.
735 2913 855 2974 seducto
882 2913 1051 2976 Hermanno
1077 2913 1230 2992 Archiepi·

119 3038 220 3098 scopo,
239 3023 400 3082 accinxerat
418 3038 451 3080 se
472 3020 508 3081 ad
527 3020 743 3097 depraedandos
763 3020 956 3084 nobilissimas
974 3022 1111 3102 Europae
1126 3021 1249 3086 liceis-¹

119 3132 179 3190 sias
199 3133 228 3190 et
245 3131 357 3190 animas
376 3127 454 3190 Orco
475 3128 651 3190 mactandas.
696 3125 772 3191 Usus
792 3124 837 3190 est
857 3132 885 3192 in
907 3129 962 3192 hoc
985 3130 1144 3214 praenobili
1164 3149 1228 3193 cer-

118 3239 228 3300 tamine
260 3237 348 3300 sociis
374 3236 485 3316 aliquot
513 3238 619 3314 pietate
646 3241 675 3298 et
709 3237 839 3298 doctrina
869 3239 1081 3315 praestantibus
1113 3240 1228 3318 sibique

118 3345 277 3408 simillimis
303 3345 391 3418 viris,
424 3344 551 3406 Domino
580 3343 748 3406 Hermanno
778 3345 962 3420 Blancklort,
1004 3346 1228 3408 Monasteriensi

118 3453 293 3533 Theologiae
323 3452 482 3516 Licentieto
510 3456 539 3514 et
566 3469 699 3514 summas
725 3453 815 3516 Aedis
842 3453 987 3519 Canonico
1008 3471 1042 3516 ac
1067 3453 1227 3518 Columbae

118 3566 245 3641 pastore,
273 3560 305 3624 Ρ.
324 3559 409 3622 Petro
431 3559 556 3634 Canisio,
575 3558 723 3638 Theologo
738 3565 768 3622 et
785 3564 815 3622 in
830 3561 988 3624 Hermanni
1007 3579 1094 3624 cansa
1107 3563 1226 3642 Legato,

119 3673 235 3749 praeter
251 3685 331 3742 enm,
349 3669 445 3748 quiin
463 3667 518 3747 hoc
533 3670 648 3747 negotio
664 3669 771 3744 primas
788 3668 862 3745 tulit,
877 3672 1018 3732 loannem
1030 3669 1227 3751 Gropperum,

118 3777 155 3841 D.
177 3774 319 3840 Gereonis
339 3774 527 3850 Canonioum,
543 3778 631 3838 trium
650 3775 809 3840 Doctorum
830 3776 959 3854 tratrem,
977 3781 1028 3859 qui
1048 3781 1085 3843 ob
1106 3782 1227 3842 virtutes

117 3885 363 3947 illustrissimasa
382 3883 473 3946 Panlo
499 3885 550 3946 lV.
575 3883 714 3956 Pontifice
740 3891 856 3965 praeter
882 3892 1019 3950 suamet
1044 3891 1226 3950 caeterorum

118 3995 365 4074 exspectationem
384 3994 413 4054 in
434 3992 632 4056 Cardioalium
651 3992 681 4056 S.
703 3995 739 4054 R.
757 3993 906 4058 Ecclesiae
926 3996 1064 4058 Senatum
1092 3997 1138 4056 est
1162 4009 1227 4056 coo

118 4107 226 4183 piatus,
247 4101 362 4180 Nopelii
383 4106 462 4180 gesta
485 4100 649 4168 describere
672 4100 861 4179 pontificalia,
881 4103 1010 4164 calamus
1031 4121 1089 4164 non
1107 4103 1225 4164 sufficit.

117 4211 258 4275 Mortuus
283 4217 328 4272 est
349 4211 394 4272 vir
419 4215 535 4272 aeterna
556 4211 698 4271 memoria
721 4210 825 4290 dignus
845 4230 921 4273 anno
942 4204 1049 4285 1556,
1072 4211 1119 4272 die
1143 4214 1226 4272 sexta

118 4321 205 4396 Julii,
224 4318 356 4397 sepultus
375 4319 406 4378 in
426 4335 541 4380 summa
561 4316 643 4378 dede
662 4314 800 4381 Coloniae
826 4319 904 4396 apud
925 4317 1053 4380 illustres
1076 4319 1225 4437 Doctores,
