2832 4828
211 541 379 606 Domitium
401 541 719 618 incuruatlllCGXX„
740 542 840 608 Idibus
859 543 959 606 lulli.“
972 577 1012 592 -
1034 543 1221 608 Carliolensis
1245 545 1319 623 Epi-

209 669 316 729 scopus
336 649 415 714 baud
437 651 524 712 dubic
545 651 649 714 dicitur
669 669 686 712 a
708 651 847 725 Caninio.
879 653 952 714 urba
973 654 1175 732 antiquissima
1196 653 1318 725 Gallice,

210 779 286 840 quse
306 753 472 838 Episcopali
494 760 578 820 tilulo
598 763 697 824 ornata
724 759 824 824 subest
844 761 1019 825 Eboracsnsi
1040 761 1198 840 Episcopo.
1237 762 1320 828 llaec

211 867 328 930 eburis
343 883 418 930 anno
433 866 703 941 tarasconem,
720 873 820 947 postca
833 873 993 932 reauurau
1005 869 1080 932 iuita
1091 870 1259 936 wilhelmo
1269 870 1320 946 11.

209 993 278 1040 cum
300 976 465 1038 iuSootiam
488 993 619 1055 pergens,
638 976 694 1042 loci
702 977 914 1056 opportunitate
925 983 1084 1057 perspecta,
1095 983 1224 1040 castrum
1237 983 1320 1042 enci·

210 1085 282 1148 tavit
302 1087 332 1145 et
352 1082 471 1146 colonos
492 1086 522 1146 ln
543 1083 572 1146 id
594 1102 631 1146 ex
651 1083 749 1162 Belgis
770 1085 973 1164 transscripsit,
1004 1086 1110 1164 quibus
1129 1089 1234 1158 auctis,
1257 1091 1321 1166 pri-

210 1211 277 1258 mus
298 1191 356 1254 illis
377 1191 460 1254 datus
484 1192 650 1272 Episcopus
672 1189 877 1264 Adelwaldus‚
907 1197 937 1254 el
960 1193 1096 1272 deinceps
1125 1200 1230 1274 quarto
1254 1197 1319 1258 loco

210 1301 377 1376 Walterus,
399 1303 467 1379 qui.
489 1317 565 1362 auno
587 1298 678 1360 122³.
700 1301 908 1379 Episcopatum
930 1302 1073 1380 adeptus,
1094 1321 1131 1364 ec
1152 1321 1220 1364 sese
1241 1323 1319 1366 anm

211 1405 304 1472 ibib.
324 1407 473 1470 abdicavit
517 1407 656 1468 Ordinem
679 1407 734 1468 PP.
756 1408 1004 1482 Eaedicatorum.
1033 1410 1116 1490 cujus
1144 1415 1213 1472 tunc
1236 1414 1319 1476 initia

209 1515 376 1590 terrebant,
397 1514 568 1595 amplexus,
590 1513 727 1578 Coloniae
749 1517 864 1578 videtur
885 1519 995 1582 uixisse
1016 1524 1047 1580 et
1067 1519 1191 1594 obiisse,
1214 1523 1260 1582 uti
1281 1524 1318 1584 R.

208 1627 246 1690 D.
267 1625 410 1690 Wilmius
431 1623 604 1686 observavit.
720 1655 723 1665 ν

272 1734 416 1796 Hecricus
436 1733 680 1814 Arcbiepisccpus
700 1738 779 1798 totus
796 1735 977 1811 incumbens,
989 1735 1319 1815 qncmcdcuindicaret

208 1845 379 1923 sanguinem
400 1845 446 1904 sui
467 1848 657 1906 antecessoris
670 1843 846 1923 Engelberti‚
867 1849 951 1923 capto
969 1846 1038 1906 dein
1058 1851 1088 1906 et
1107 1843 1248 1907 Coloniae
1269 1867 1318 1910 ro·
1403 1881 1404 1912 r

209 1958 269 2016 tcto
290 1951 447 2026 Friderian,
470 1950 583 2016 Comite
602 1953 639 2014 de
661 1952 809 2032 lscuburg,
830 1953 948 2018 ineunte
970 1972 1046 2016 anno
1069 1953 1157 2016 1227.
1180 1973 1247 2018 sese
1270 1975 1318 2018 ac·

210 2062 297 2123 cinxit
314 2061 464 2123 solemniis
481 2061 657 2140 nuptialibus
678 2069 707 2122 et
722 2064 899 2124 coronationi
917 2063 1060 2141 imperiali
1076 2063 1317 2142 aquisgranensi,

210 2187 300 2249 quare
321 2168 385 2248 ejus
406 2168 484 2230 vices
505 2174 574 2230 tuuc
594 2169 934 2247 implevitWelaelinus,
956 2171 1120 2250 Episcopus
1131 2171 1317 2233 Rcvaliensis

209 2283 239 2342 in
261 2277 393 2352 bilonis,
413 2275 468 2338 scb
486 2276 745 2369 Archiepiscopatu
762 2277 896 2356 Ripensi,
918 2280 969 2357 qui
991 2279 1081 2340 dubio
1102 2279 1212 2359 absqrw
1235 2280 1319 2344 hisce
1404 2349 1405 2356 χ

209 2386 313 2450 diebus
341 2385 379 2448 ob
408 2384 555 2446 turbatum
586 2403 657 2448 suae
678 2385 825 2448 Dicecesis
855 2391 885 2448 et
905 2387 1029 2465 regionis
1058 2391 1164 2448 statum
1193 2385 1318 2450 Curiam

210 2495 281 2558 adiit
300 2494 492 2572 imperialem.
523 2494 557 2556 ln
578 2496 775 2556 monumentis
794 2493 1080 2558 Heistarbaceusibus
1101 2500 1197 2556 autem
1219 2497 1257 2557 de
1281 2517 1318 2560 eo

211 2608 307 2667 exstat
327 2602 399 2666 baec
420 2602 538 2665 nolitia:
560 2603 665 2676 „Anno
679 2602 798 2664 Domini
820 2601 1039 2676 MCCXXVH„
1063 2603 1098 2666 V.
1121 2603 1315 2666 Kalend.Fe·
1405 2601 1406 2620 ¹

210 2713 320 2788 bruar.
343 2711 471 2774 decussa
493 2715 561 2772 sunt
582 2727 599 2770 a
620 2709 746 2772 Domino
767 2711 943 2786 Wetzelinc,
966 2711 1112 2792 Episcopo
1137 2701 1317 2787 Revalieusi‚

210 2825 264 2884 tris
285 2820 404 2884 Altaria.
447 2817 578 2882 Primum
600 2821 628 2880 in
650 2817 762 2881 honore
783 2819 816 2880 B.
838 2815 979 2894 Ursulus,
998 2821 1158 2882 secundum
1180 2820 1214 2882 B.
1235 2821 1317 2884 Mar·

209 2931 272 3003 tini,
284 2929 400 2992 tertium
421 2931 451 2989 in
473 2927 582 2990 honore
592 2925 642 2989 88.
655 2916 827 2989 Catharinae
847 2931 876 2988 et
891 2926 1013 3005 Agnetis
1027 2928 1089 2990 VV.
1101 2927 1176 2996 Mu.
1197 2928 1316 2990 Eodem

210 3055 297 3109 anno,
317 3033 368 3097 lv.
377 3033 500 3098 Kalend.
510 3033 660 3106 Februan,
677 3033 713 3096 ab
730 3034 834 3096 eodem
851 3034 999 3112 Episcopo
1017 3035 1146 3098 dedicata
1165 3040 1231 3098 sunt
1242 3055 1316 3116 qua-

210 3149 277 3206 tuor
288 3141 406 3218 Altaria,
428 3159 554 3222 quorum
576 3143 705 3221 primum
726 3144 755 3204 in
777 3141 889 3205 bonore
910 3143 941 3204 S.
962 3142 1137 3217 Michaelisf
1151 3144 1315 3209 secundnm

210 3253 241 3316 iu
263 3252 373 3315 bonore
393 3251 423 3314 S.
435 3251 553 3314 loannis
564 3249 718 3330 baptistae,
737 3252 855 3322 tertium
877 3253 906 3312 in
927 3249 1037 3314 bonore
1059 3251 1110 3312 88.
1124 3250 1273 3324 Benedicti
1285 3257 1316 3317 ct

210 3361 365 3432 bernardi.
396 3364 533 3442 quartum
563 3363 593 3422 in
615 3359 726 3422 honore
745 3359 901 3422 beatarum
930 3359 1040 3424 Mariae
1074 3349 1264 3439 Magdaleuae
1286 3367 1316 3424 et

209 3469 411 3549 Aegyptiacae.
432 3471 435 3482 “
454 3469 567 3530 Eodem
588 3487 673 3538 anno.
696 3466 733 3530 ll.
771 3466 868 3528 Nonas
889 3466 1037 3541 Februan,
1058 3467 1220 3530 abeodem
1243 3471 1316 3548 Epi·

210 3597 300 3656 scopo
321 3579 451 3642 dedicata
466 3582 668 3657 suntquatucr
681 3574 799 3648 Altaria,
822 3595 949 3654 quorum
972 3578 1098 3654 primum
1119 3578 1149 3638 in
1171 3575 1314 3640 bonorem

74 3707 80 3714 ·
210 3687 260 3752 SS·
282 3685 360 3750 Petri
382 3690 411 3747 et
432 3686 512 3748 Pauli
531 3684 749 3766 Apostolorum,
773 3684 933 3746 secundum
956 3686 984 3744 in
1007 3684 1147 3746 honorem
1170 3684 1200 3745 S.
1212 3685 1314 3748 Salva·

210 3795 297 3868 toris,
328 3795 445 3856 tertium
467 3795 497 3854 in
519 3793 660 3856 bonorem
682 3794 712 3856 8.
734 3794 853 3856 loannis
874 3791 1092 3870 Evangelistae,
1124 3798 1261 3872 quartum
1283 3795 1312 3854 in

209 3903 352 3968 bonorem
373 3901 403 3964 S·
425 3899 564 3980 Stephani
585 3879 817 3986 Ptolomartyris.
860 3901 974 3964 Eodem
998 3919 1082 3974 anno,
1105 3899 1196 3962 Nonis
1217 3900 1314 3975 Febr..

210 4012 247 4077 ab
268 4011 371 4074 eodem
383 4010 531 4089 Episcopo
551 4014 716 4074 consecrata
733 4014 806 4074 sunt
827 4008 1015 4082 ancillaria,
1037 4027 1163 4088 qnorum
1185 4012 1313 4086 primum

115 4195 120 4205 1
209 4125 240 4187 is
265 4119 406 4183 honorem
427 4119 457 4182 8.
481 4118 571 4184 Cassii
592 4123 622 4182 et
642 4119 803 4190 Sociorum,
822 4119 982 4181 secundum
1003 4119 1032 4178 iu
1053 4117 1194 4180 honorem
1217 4122 1312 4182 omni-

210 4249 264 4294 um
292 4229 473 4294 Sanctorum.
523 4228 638 4290 Eodem
670 4246 756 4303 anno,
777 4227 843 4292 Vll.
872 4226 1111 4303 laurearum,
1141 4227 1178 4290 ab
1208 4228 1312 4290 codem

210 4338 358 4418 Episcopo
379 4337 509 4400 dedicata
529 4337 597 4400 sunl
616 4335 799 4413 trianllaria,
821 4355 948 4417 qnorum
969 4337 1097 4415 primum
1119 4337 1148 4398 in
1170 4335 1311 4402 honorem
